2872 4876
295 459 355 520 198
597 475 707 520 arara.
729 474 970 520 nonunnrnusrs

292 639 389 702 quem
404 638 491 683 aava
511 618 615 684 fames
635 619 818 683 instimulat
837 619 880 684 ad
902 617 1126 684 devorandum
1146 615 1294 701 quicquid

291 737 386 782 casus
401 717 579 783 subvectat.
625 716 730 782 Arma
745 739 805 782 sua
818 717 899 781 nihil
914 717 962 782 eis
978 715 1202 801 proficiebant,
1217 716 1293 799 quin

294 813 489 879 Oaliburnus
504 815 641 880 dextera
654 823 722 880 tam
736 815 877 880 virtuosi
890 816 979 901 regis
993 815 1148 889 vibratus,
1166 821 1293 899 cogeret

291 913 380 995 ipsos
409 912 534 977 animas
564 921 714 978 eructare
743 935 818 978 cum
847 914 1016 1000 sanguine.
1062 911 1159 976 Duos
1189 932 1291 996 reges,

295 1010 476 1076 Sertorium
491 1011 615 1099 Libya,
637 1013 865 1099 Bithyniaque
880 1011 1066 1098 Polytetem
1081 1010 1293 1075 infortunium

292 1109 340 1172 illi
355 1109 482 1188 obtulit,
503 1132 585 1196 quos
601 1111 752 1176 abscissis
773 1111 944 1196 capitibus,
966 1109 1008 1174 ad
1022 1115 1150 1174 tartara
1165 1108 1290 1174 dnexit.

292 1205 372 1272 Viso
402 1208 507 1292 igitur
542 1231 623 1295 rege
659 1230 719 1274 suo
749 1209 784 1272 in
819 1210 907 1273 hune
932 1206 1062 1271 modurn
1092 1206 1291 1283 decertante,

293 1303 448 1370 Britones
484 1307 641 1390 majorem
677 1306 846 1372 audaciam
889 1312 1082 1390 capessunt:
1127 1303 1293 1369 Romanos

292 1402 490 1470 unanimiter
518 1405 693 1470 invadunt:
730 1405 866 1470 densata
894 1411 1026 1469 caterva
1049 1402 1227 1466 incedunt:
1264 1410 1293 1466 et

292 1500 371 1564 dum
400 1523 441 1565 ex
470 1523 535 1568 una
562 1511 656 1588 parte
681 1503 850 1588 pedestres
875 1502 937 1566 hoc
961 1501 1059 1565 modo
1087 1499 1292 1575 infestarent,

291 1609 460 1683 equestres
476 1622 516 1666 ex
532 1602 597 1666 alia
609 1609 818 1687 prosternere
839 1610 872 1666 et
891 1609 1064 1687 penetrare
1084 1599 1291 1664 conabantur.

292 1696 467 1764 Resistunt
486 1707 597 1766 tamen
620 1701 740 1766 acriter
770 1698 934 1765 Romani:
965 1705 1000 1763 et
1028 1698 1155 1762 monitu
1185 1696 1291 1774 Lucii,

290 1795 428 1861 illustris
452 1799 538 1884 regis
560 1799 665 1864 vicem
689 1800 787 1864 illatae
813 1799 913 1864 cladis
940 1797 1133 1862 Britcnibus
1155 1797 1293 1862 reddere

290 1894 510 1961 elaborabant.
558 1895 667 1960 Tanta
681 1896 783 1982 igitur
798 1897 832 1961 vi
851 1897 886 1961 in
900 1905 1042 1981 utraque
1061 1902 1155 1978 parte
1169 1915 1292 1979 pugna-

290 2001 357 2068 tur,
384 1994 473 2057 acsi
497 2001 575 2058 tnnc
599 1995 743 2078 primum
763 2003 913 2060 recenter
937 1994 1156 2060 convenirent.
1205 1991 1292 2054 Hinc

289 2099 401 2156 autem
420 2090 567 2156 Arturus
588 2093 707 2177 saepius
732 2114 771 2157 ac
794 2094 913 2178 saepius
937 2093 989 2175 (ut
1013 2090 1205 2175 pradictum
1228 2092 1290 2174 est)

288 2188 400 2255 hostes
414 2190 610 2274 percutiens,
627 2189 781 2256 Britones
795 2191 839 2255 ad
852 2189 1064 2276 perstandum
1078 2187 1290 2253 hortabatur:

288 2287 376 2352 illinc
390 2309 468 2353 vero
483 2287 608 2352 Lucius
624 2288 776 2354 Tiberius
792 2287 960 2354 Romanos
976 2307 1062 2363 suos,
1079 2295 1113 2352 et
1126 2286 1289 2364 monebat,

289 2393 323 2451 et
351 2385 387 2450 in
414 2389 588 2472 praeelaras
616 2388 797 2472 probitates
827 2387 995 2452 multoties
1026 2385 1173 2450 ducebat.
1220 2383 1290 2450 Nee

288 2483 359 2568 ipse
374 2484 521 2550 cessabat
532 2484 651 2550 ferire:
675 2485 787 2550 sedin
807 2505 919 2550 omnes
938 2492 1049 2569 partes
1068 2491 1194 2548 turmas
1215 2504 1290 2548 suas

287 2581 457 2657 circuiens,
492 2602 716 2665 quemcunque
752 2581 880 2647 hostem
917 2603 1011 2646 casus
1048 2580 1216 2656 offerebat,
1239 2581 1290 2644 vel

177 2737 180 2744 .
286 2679 408 2755 lancea,
424 2679 477 2744 vel
491 2679 601 2764 gladio
615 2680 806 2764 perimebat.
853 2680 969 2745 Fiebat
977 2680 1090 2764 itaque
1103 2679 1290 2763 inutraque

286 2785 380 2862 parte
410 2777 514 2841 caedes
543 2778 768 2842 abhorrenda:
797 2779 875 2862 quia
903 2779 1100 2863 quandoque
1122 2778 1287 2854 Britones,

286 2876 481 2960 quandoque
497 2874 640 2940 Romani
654 2897 750 2942 versa
760 2877 829 2942 vice
839 2878 1068 2961 prevalebunt.
1115 2875 1289 2941 Postremo

287 2974 366 3038 dum
394 2974 470 3037 talis
508 2974 685 3039 decertatio
714 2975 801 3040 inter
831 2996 887 3040 eos
915 2975 1020 3052 fieret,
1049 2996 1122 3042 ecce
1152 2973 1289 3040 Morvid

286 3071 399 3136 consul
426 3069 692 3137 Glaudiocestriae
718 3095 792 3136 eum
817 3073 953 3158 legione,
981 3094 1077 3157 quam
1103 3094 1176 3138 esse
1201 3074 1289 3138 intra

285 3169 381 3233 colles
405 3169 555 3252 superius
576 3170 654 3246 dixi,
676 3170 785 3235 subito
811 3191 910 3235 cursu
934 3171 1096 3236 occurrit:
1119 3180 1153 3236 et
1176 3173 1287 3238 hostes

284 3266 364 3330 nihil
400 3267 466 3332 tale
501 3270 743 3352 praemeditatos
773 3290 794 3333 a
826 3269 924 3334 dorso
952 3270 1090 3335 invasit:
1128 3270 1286 3336 invadens

283 3366 412 3430 invasos
440 3367 643 3449 penetravit:
680 3375 854 3450 penetrans
883 3375 1071 3452 penetratas
1105 3368 1286 3453 dissipavit,

283 3471 382 3547 atque
410 3463 583 3527 maximam
621 3472 764 3548 stragem
793 3463 881 3529 feeit.
934 3464 1028 3529 Tunc
1057 3467 1162 3529 multa
1197 3468 1287 3534 milia

283 3561 509 3626 Romanorum
544 3563 762 3628 conoidenmt.
811 3561 904 3627 Tunc
936 3564 1036 3628 etiam
1070 3564 1194 3632 Lucius
1226 3567 1285 3630 im-

282 3667 415 3744 perator
448 3659 537 3724 intra
576 3667 702 3724 turmas
740 3667 927 3744 occupatus,
963 3662 1133 3745 cujusdam
1173 3664 1286 3730 lancea

282 3757 449 3822 confossus
478 3757 614 3824 interiit.
661 3756 709 3823 At
736 3756 890 3823 Britones
920 3780 1025 3843 usque
1061 3760 1283 3846 insequentes

281 3854 460 3932 victoriam,
477 3855 553 3922 lieet
567 3855 709 3922 maximo
724 3856 845 3933 labore,
860 3856 1055 3925 habuerunt.
