2872 4876
337 407 492 460 arurnu.
516 405 707 460 ursromn
729 406 802 460 nvn.
825 406 879 488 111,
1071 391 1113 461 19

96 565 164 634 tuo
173 559 520 650 successitElauins;
536 584 605 648 quo
616 559 1013 635 defunctosnoeessitex
1019 559 1114 636 Tan·

98 659 436 747 gestelaooncnbina
445 658 642 748 Morindus,
654 684 793 747 semper
800 683 864 748 per
871 660 1003 734 lineam
1012 685 1113 748 rega-

96 759 182 846 lem,
202 759 481 833 formosissimus
491 766 528 832 et
536 758 765 847 fortissimus,
780 760 884 848 cuins
893 759 1110 846 provinciam

98 857 1112 947 ouminvasissetquidamrexMorinorum,hiceumprofli·

97 957 208 1046 gavit,
232 982 298 1030 nec
317 957 421 1030 vivus
436 956 605 1030 dimissus
620 957 692 1030 fuit
712 957 809 1030 ullus
818 985 829 1045 ;
847 959 1000 1044 jubebat
1014 957 1110 1030 enim

97 1056 413 1142 nnnmpostalium
423 1063 506 1132 ante
516 1081 554 1129 se
564 1055 691 1129 adduci
701 1061 922 1143 utonemque
931 1055 1110 1142 perimens

98 1154 349 1229 crudelitatem
360 1179 461 1228 suam
469 1155 614 1243 propria
624 1180 733 1229 mann
754 1154 913 1228 satiaret
957 1154 1110 1228 Etcum

98 1254 274 1342 fatigatus
288 1256 471 1343 paulisper
492 1260 669 1329 cessasset
688 1253 876 1342 aggeribus
895 1253 1110 1327 occisorum:

98 1352 328 1441 praecipiebat
342 1355 437 1441 ipsos
449 1355 548 1428 vivos
559 1353 741 1440 excoriari,
754 1359 793 1426 et
807 1351 1004 1425 excoriatos
1016 1377 1111 1425 com-

100 1452 196 1525 buri:
206 1452 368 1540 ingentes
380 1453 466 1540 pirae
476 1459 631 1540 erantet
638 1450 1109 1539 spectaculumhorrendum.

100 1550 193 1624 (lum
208 1575 291 1638 orgo
313 1551 556 1625 crudelissime
581 1551 784 1638 imperaret,
813 1549 941 1624 accidit
959 1549 1111 1624 infortu-

1 1723 2 1728 ,
98 1649 210 1737 nium,
237 1649 331 1736 quod
352 1650 548 1737 nequitiam
572 1674 673 1723 suam
699 1649 848 1738 domuit,
874 1648 1041 1735 quoniam
1063 1675 1109 1722 ex

1 1739 2 1832 ἶ
98 1748 264 1836 partibus
279 1747 468 1822 Hibernici
481 1748 602 1838 maris,
618 1748 787 1822 inauditae
802 1748 970 1836 feritatis,
985 1755 1023 1821 et
1036 1747 1108 1822 for-

1 1937 2 1942 ἵ
98 1872 167 1920 mae
176 1846 487 1920 monstrosissima
495 1847 601 1921 belua
610 1846 763 1936 advenit,
773 1872 851 1934 qua
859 1846 1108 1936 incolasjuxta

1 2047 2 2076 Χ
99 1945 301 2020 maritimas
312 1969 393 2021 oras
409 1947 486 2022 sine
499 1944 763 2022 intermissione
775 1945 975 2020 devorabat.

122 2218 152 2253 e
169 2227 206 2245 ζ
278 2236 307 2245 μ
388 2167 466 2221 von
480 2171 561 2220 cnm
573 2144 760 2220 Morindus
776 2144 944 2233 audisset,
957 2145 1108 2217 accessit

1 2317 2 2324 ,
118 2250 190 2321 ’ξ’
203 2316 222 2347 ,ἡ
235 2286 266 2341 gl
284 2246 331 2327 ἒ
365 2254 366 2257 ’
389 2248 435 2320 ad
454 2247 597 2320 beluam
626 2245 748 2332 paucis
778 2242 1043 2332 comitantibus,
1069 2251 1108 2317 et

114 2380 117 2389 ’
153 2346 155 2349 ’
196 2334 283 2433 ulula,
328 2350 331 2351 *
389 2345 486 2419 solus
501 2342 926 2430 cumeavoluitcertare3
950 2340 1011 2414 sed
1025 2366 1108 2415 cum

227 2430 278 2566 ij
317 2542 320 2543 7
360 2510 371 2547 ,f
387 2445 462 2518 tela
486 2441 676 2530 hausisset,
707 2440 881 2522 accelerat
906 2448 1107 2514 monstrum

1 2529 2 2622 l
116 2543 370 2644 υνκζψὲὲψ
388 2543 558 2618 adversus
573 2538 790 2626 Morindnm,
805 2547 844 2613 et
854 2539 988 2626 apertis
997 2539 1108 2612 fauci-

178 2628 187 2631 '¹
215 2630 285 2648 ,τῖ’-37

179 2644 242 2662 *2*

203 2660 253 2685 ’ἓ
288 2684 351 2703 w
387 2647 456 2717 bus
477 2640 595 2728 ipsum
609 2636 723 2711 veluti
737 2636 947 2723 pisciculum
961 2637 1107 2711 devora-

1 2823 2 2836 ,
100 2747 163 2822 vit
209 2745 334 2834 Hujus
350 2743 447 2816 filius
463 2735 634 2814 successit
649 2734 908 2824 Gorbonianus,
925 2735 1108 2808 sanctissi-

1 2887 2 2918 2
99 2841 494 2932 mnsrexzpostcnjns
504 2833 1108 2922 mortemregnofiritheresnroht

1 2971 2 2996 *
100 2945 194 3036 gallo
208 2944 332 3032 frater,
346 2941 403 3015 vir
415 2936 592 3028 pessimus
614 2933 652 3007 in
673 2931 771 3006 omni
785 2956 911 3020 genere
925 2931 1106 3021 vitiorum,

1 3073 2 3128 1
101 3043 234 3120 scurris
255 3044 433 3130 erogabat,
451 3040 562 3112 bonos
576 3033 829 3119 insectabatur,
852 3029 938 3119 quid
951 3055 1028 3106 mos
1050 3032 1109 3106 vel

1 3159 2 3162 ’
100 3145 227 3231 virtus,
250 3141 431 3215 nesciebat
451 3137 537 3225 ipse,
565 3132 628 3207 sed
648 3136 847 3218 ventrosus,
862 3136 900 3203 et
920 3129 1009 3204 facie
1028 3136 1109 3204 tan-

101 3267 209 3331 quam
225 3241 321 3314 simii
335 3239 530 3328 posticum:
553 3229 646 3305 unde
661 3229 733 3303 fuit
747 3227 927 3316 dimissus,
938 3227 1034 3302 facta
1047 3253 1109 3316 po-

2 3363 5 3434 l
99 3343 178 3432 puli
200 3339 471 3427 conspiratione,
493 3332 555 3422 qui
577 3334 768 3404 erexerimt
789 3325 1008 3441 Helidurum
1029 3327 1109 3415 ejus
1134 3387 1137 3394 i

2 3439 3 3506 ἲ
101 3443 262 3529 fratrem,
275 3439 337 3526 qui
347 3438 437 3512 Pius
449 3429 716 3523 cognominatus
726 3434 783 3501 est
793 3427 838 3499 ob
849 3447 1109 3538 uusmomnes

2 3527 3 3534 Ψ
101 3538 392 3615 misericordiam.
436 3534 511 3608 Hic
548 3536 668 3604 antem
700 3531 783 3613 post
819 3546 1110 3613 qmnquenmum,

2 3627 3 3684 Ψ
102 3641 218 3714 frater
236 3636 415 3711 neminem
430 3629 690 3714 auxiliatorem,
710 3623 805 3698 utin
819 3646 968 3711 regnum
988 3622 1112 3696 remit

103 3744 253 3826 teretru,
279 3736 424 3822 habens,
451 3728 551 3804 venit
579 3726 617 3798 in
647 3721 872 3797 Britanniam
901 3720 1112 3810 incognitus,

104 3837 226 3912 decem
242 3834 346 3909 sociis
359 3830 563 3915 comitatus,
578 3830 615 3897 et
626 3828 836 3910 paupertate
848 3819 977 3893 ultima
992 3842 1115 3907 aggra»

104 3943 211 4011 vatus
226 3933 408 4009 transibat
419 3925 639 4004 Oalaterium
653 3943 789 4007 nemus,
801 3918 865 3990 ubi
875 3917 987 3991 frater
995 3917 1115 3992 obvia-

108 4036 162 4110 vit
177 4033 378 4109 Helidnrus
393 4024 574 4107 venationi
588 4019 757 4111 regaliter
770 4018 961 4189 immisi
988 4015 1116 4108 (logni-
