<?xml version="1.0" encoding="UTF-8"?>
<!DOCTYPE html PUBLIC "-//W3C//DTD XHTML 1.0 Transitional//EN"
    "http://www.w3.org/TR/xhtml1/DTD/xhtml1-transitional.dtd">
<html xmlns="http://www.w3.org/1999/xhtml" xml:lang="en" lang="en">
 <head>
  <title>
</title>
<meta http-equiv="Content-Type" content="text/html;charset=utf-8" />
  <meta name='ocr-system' content='tesseract 3.04.00' />
  <meta name='ocr-capabilities' content='ocr_page ocr_carea ocr_par ocr_line ocrx_word'/>
</head>
<body>
  <div class='ocr_page' id='page_1' title='image "./galfredimonumet00virugoog_0117.png"; bbox 0 0 2848 4888; ppageno 0'>
   <div class='ocr_carea' id='block_1_1' title="bbox 415 413 1151 478">
    <p class='ocr_par' dir='ltr' id='par_1_1' title="bbox 415 413 1151 478">
     <span class='ocr_line' id='line_1_1' title="bbox 415 413 1151 478; baseline 0.003 -3"><span class='ocrx_word' id='word_1_1' title='bbox 415 429 572 478; x_wconf 81' lang='lat' dir='ltr'>nrsroenu</span> <span class='ocrx_word' id='word_1_2' title='bbox 587 431 659 477; x_wconf 81' lang='lat' dir='ltr'>une.</span> <span class='ocrx_word' id='word_1_3' title='bbox 675 433 758 476; x_wconf 81' lang='lat' dir='ltr'>eurr.</span> <span class='ocrx_word' id='word_1_4' title='bbox 774 427 835 477; x_wconf 79' lang='lat' dir='ltr'>um.</span> <span class='ocrx_word' id='word_1_5' title='bbox 857 433 887 476; x_wconf 84' lang='lat' dir='ltr'>r.</span> <span class='ocrx_word' id='word_1_6' title='bbox 1113 413 1151 478; x_wconf 84' lang='grc'>87</span> 
     </span>
    </p>
   </div>
   <div class='ocr_carea' id='block_1_2' title="bbox 13 575 1155 1155">
    <p class='ocr_par' dir='ltr' id='par_1_2' title="bbox 13 575 1155 1155">
     <span class='ocr_line' id='line_1_2' title="bbox 143 575 1154 661; baseline 0 -21"><span class='ocrx_word' id='word_1_7' title='bbox 143 576 324 661; x_wconf 80' lang='lat' dir='ltr'><strong>assumpsit</strong></span> <span class='ocrx_word' id='word_1_8' title='bbox 347 597 458 642; x_wconf 82' lang='lat' dir='ltr'>seeum</span> <span class='ocrx_word' id='word_1_9' title='bbox 473 577 644 642; x_wconf 74' lang='lat' dir='ltr'>duodecim</span> <span class='ocrx_word' id='word_1_10' title='bbox 659 599 758 642; x_wconf 86' lang='lat' dir='ltr'>canos</span> <span class='ocrx_word' id='word_1_11' title='bbox 772 597 924 661; x_wconf 80' lang='lat' dir='ltr'>proceres</span> <span class='ocrx_word' id='word_1_12' title='bbox 939 575 1154 660; x_wconf 74' lang='lat' dir='ltr'><strong>sapientiores</strong></span> 
     </span>
     <span class='ocr_line' id='line_1_3' title="bbox 13 673 1154 758; baseline -0.003 -17"><span class='ocrx_word' id='word_1_13' title='bbox 13 687 14 698; x_wconf 62' lang='lat'>¹</span> <span class='ocrx_word' id='word_1_14' title='bbox 144 675 273 752; x_wconf 83' lang='lat' dir='ltr'>ceteris,</span> <span class='ocrx_word' id='word_1_15' title='bbox 301 683 336 740; x_wconf 90' lang='lat' dir='ltr'>et</span> <span class='ocrx_word' id='word_1_16' title='bbox 360 673 454 741; x_wconf 84' lang='lat' dir='ltr'>olivae</span> <span class='ocrx_word' id='word_1_17' title='bbox 473 689 582 740; x_wconf 82' lang='lat' dir='ltr'>ramos</span> <span class='ocrx_word' id='word_1_18' title='bbox 597 675 632 739; x_wconf 90' lang='lat' dir='ltr'>in</span> <span class='ocrx_word' id='word_1_19' title='bbox 658 673 783 740; x_wconf 75' lang='lat' dir='ltr'>dextris</span> <span class='ocrx_word' id='word_1_20' title='bbox 798 675 975 741; x_wconf 89' lang='lat' dir='ltr'>habentes:</span> <span class='ocrx_word' id='word_1_21' title='bbox 997 675 1154 758; x_wconf 79' lang='lat' dir='ltr'>venitque</span> 
     </span>
     <span class='ocr_line' id='line_1_4' title="bbox 146 773 1154 860; baseline -0.002 -22"><span class='ocrx_word' id='word_1_22' title='bbox 146 773 284 838; x_wconf 79' lang='lat' dir='ltr'>Gonane</span> <span class='ocrx_word' id='word_1_23' title='bbox 300 775 439 839; x_wconf 81' lang='lat' dir='ltr'>obviam.</span> <span class='ocrx_word' id='word_1_24' title='bbox 485 774 644 839; x_wconf 85' lang='lat' dir='ltr'>Videutea</span> <span class='ocrx_word' id='word_1_25' title='bbox 659 775 762 860; x_wconf 78' lang='lat' dir='ltr'>igitur</span> <span class='ocrx_word' id='word_1_26' title='bbox 774 773 929 839; x_wconf 86' lang='lat' dir='ltr'>Britoues</span> <span class='ocrx_word' id='word_1_27' title='bbox 944 773 1033 838; x_wconf 72' lang='lat' dir='ltr'>virm</span> <span class='ocrx_word' id='word_1_28' title='bbox 1043 793 1154 838; x_wconf 85' lang='lat' dir='ltr'>rever-</span> 
     </span>
     <span class='ocr_line' id='line_1_5' title="bbox 145 872 1155 959; baseline -0.001 -21"><span class='ocrx_word' id='word_1_29' title='bbox 145 875 239 938; x_wconf 74' lang='lat' dir='ltr'>enda</span> <span class='ocrx_word' id='word_1_30' title='bbox 253 875 372 950; x_wconf 71' lang='lat' dir='ltr'>aetatis,</span> <span class='ocrx_word' id='word_1_31' title='bbox 399 883 433 938; x_wconf 86' lang='lat' dir='ltr'>et</span> <span class='ocrx_word' id='word_1_32' title='bbox 447 873 567 938; x_wconf 83' lang='lat' dir='ltr'>olivam</span> <span class='ocrx_word' id='word_1_33' title='bbox 589 875 624 938; x_wconf 91' lang='lat' dir='ltr'>in</span> <span class='ocrx_word' id='word_1_34' title='bbox 644 874 733 958; x_wconf 85' lang='lat' dir='ltr'>paois</span> <span class='ocrx_word' id='word_1_35' title='bbox 755 875 884 959; x_wconf 80' lang='lat' dir='ltr'>rignum</span> <span class='ocrx_word' id='word_1_36' title='bbox 904 875 1084 959; x_wconf 69' lang='lat' dir='ltr'>gestantes,</span> <span class='ocrx_word' id='word_1_37' title='bbox 1108 872 1155 938; x_wconf 82' lang='lat' dir='ltr'>eia</span> 
     </span>
     <span class='ocr_line' id='line_1_6' title="bbox 146 969 1153 1058; baseline -0.002 -22"><span class='ocrx_word' id='word_1_38' title='bbox 146 973 329 1037; x_wconf 78' lang='lat' dir='ltr'>honorifice</span> <span class='ocrx_word' id='word_1_39' title='bbox 350 981 528 1058; x_wconf 76' lang='lat' dir='ltr'>assurgunt</span> <span class='ocrx_word' id='word_1_40' title='bbox 551 981 586 1036; x_wconf 88' lang='lat' dir='ltr'>et</span> <span class='ocrx_word' id='word_1_41' title='bbox 612 973 697 1037; x_wconf 84' lang='lat' dir='ltr'>riam</span> <span class='ocrx_word' id='word_1_42' title='bbox 726 973 939 1056; x_wconf 76' lang='lat' dir='ltr'>patefaciunt,</span> <span class='ocrx_word' id='word_1_43' title='bbox 969 969 1011 1036; x_wconf 72' lang='lat' dir='ltr'>ue</span> <span class='ocrx_word' id='word_1_44' title='bbox 1037 969 1153 1036; x_wconf 86' lang='lat' dir='ltr'>dueem</span> 
     </span>
     <span class='ocr_line' id='line_1_7' title="bbox 147 1057 1154 1155; baseline 0 -21"><span class='ocrx_word' id='word_1_45' title='bbox 147 1071 284 1136; x_wconf 84' lang='lat' dir='ltr'>liberius</span> <span class='ocrx_word' id='word_1_46' title='bbox 296 1071 427 1136; x_wconf 81' lang='lat' dir='ltr'>adeant</span> <span class='ocrx_word' id='word_1_47' title='bbox 459 1069 545 1134; x_wconf 84' lang='lat' dir='ltr'>Mox</span> <span class='ocrx_word' id='word_1_48' title='bbox 555 1071 603 1134; x_wconf 92' lang='lat' dir='ltr'>illi</span> <span class='ocrx_word' id='word_1_49' title='bbox 614 1070 835 1155; x_wconf 81' lang='lat' dir='ltr'>inpraesentia</span> <span class='ocrx_word' id='word_1_50' title='bbox 846 1070 973 1136; x_wconf 83' lang='lat' dir='ltr'>Oonani</span> <span class='ocrx_word' id='word_1_51' title='bbox 985 1057 1154 1135; x_wconf 66' lang='lat' dir='ltr'>uenatu</span> 
     </span>
    </p>
   </div>
   <div class='ocr_carea' id='block_1_3' title="bbox 148 1169 1155 1254">
    <p class='ocr_par' dir='ltr' id='par_1_3' title="bbox 148 1169 1155 1254">
     <span class='ocr_line' id='line_1_8' title="bbox 148 1169 1155 1254; baseline -0.002 -20"><span class='ocrx_word' id='word_1_52' title='bbox 148 1171 328 1246; x_wconf 84' lang='lat' dir='ltr'>oistantes,</span> <span class='ocrx_word' id='word_1_53' title='bbox 344 1185 419 1234; x_wconf 89' lang='lat' dir='ltr'>eum</span> <span class='ocrx_word' id='word_1_54' title='bbox 430 1178 576 1254; x_wconf 82' lang='lat' dir='ltr'>exparte</span> <span class='ocrx_word' id='word_1_55' title='bbox 586 1169 825 1254; x_wconf 77' lang='lat' dir='ltr'><strong>Imperatorum</strong></span> <span class='ocrx_word' id='word_1_56' title='bbox 840 1179 874 1235; x_wconf 88' lang='lat' dir='ltr'>et</span> <span class='ocrx_word' id='word_1_57' title='bbox 889 1177 1023 1236; x_wconf 72' lang='lat' dir='ltr'>senatus</span> <span class='ocrx_word' id='word_1_58' title='bbox 1034 1169 1155 1234; x_wconf 85' lang='lat' dir='ltr'>saluta·</span> 
     </span>
    </p>
   </div>
   <div class='ocr_carea' id='block_1_4' title="bbox 13 1266 1156 1351">
    <p class='ocr_par' dir='ltr' id='par_1_4' title="bbox 13 1266 1156 1351">
     <span class='ocr_line' id='line_1_9' title="bbox 13 1266 1156 1351; baseline -0.003 -19"><span class='ocrx_word' id='word_1_59' title='bbox 13 1327 14 1332; x_wconf 75' lang='grc'>,</span> <span class='ocrx_word' id='word_1_60' title='bbox 148 1276 279 1344; x_wconf 69' lang='lat' dir='ltr'>verrent,</span> <span class='ocrx_word' id='word_1_61' title='bbox 307 1267 528 1351; x_wconf 79' lang='lat' dir='ltr'>dixeruntque</span> <span class='ocrx_word' id='word_1_62' title='bbox 554 1266 796 1332; x_wconf 76' lang='lat' dir='ltr'>Maximianum</span> <span class='ocrx_word' id='word_1_63' title='bbox 818 1269 956 1333; x_wconf 89' lang='lat' dir='ltr'>missurn</span> <span class='ocrx_word' id='word_1_64' title='bbox 979 1268 1022 1332; x_wconf 87' lang='lat' dir='ltr'>ad</span> <span class='ocrx_word' id='word_1_65' title='bbox 1043 1279 1156 1351; x_wconf 86' lang='lat' dir='ltr'>regem</span> 
     </span>
    </p>
   </div>
   <div class='ocr_carea' id='block_1_5' title="bbox 149 1364 1161 1826">
    <p class='ocr_par' dir='ltr' id='par_1_5' title="bbox 149 1364 1161 1826">
     <span class='ocr_line' id='line_1_10' title="bbox 151 1364 1157 1442; baseline -0.006 -8"><span class='ocrx_word' id='word_1_66' title='bbox 151 1367 340 1442; x_wconf 78' lang='lat' dir='ltr'>Octavium,</span> <span class='ocrx_word' id='word_1_67' title='bbox 360 1375 400 1431; x_wconf 89' lang='lat' dir='ltr'>ut</span> <span class='ocrx_word' id='word_1_68' title='bbox 413 1367 570 1431; x_wconf 77' lang='lat' dir='ltr'>mandata</span> <span class='ocrx_word' id='word_1_69' title='bbox 585 1365 738 1431; x_wconf 74' lang='lat' dir='ltr'>Gratiam</span> <span class='ocrx_word' id='word_1_70' title='bbox 752 1375 788 1432; x_wconf 89' lang='lat' dir='ltr'>et</span> <span class='ocrx_word' id='word_1_71' title='bbox 808 1366 1031 1432; x_wconf 73' lang='lat' dir='ltr'>Valentiniani</span> <span class='ocrx_word' id='word_1_72' title='bbox 1050 1364 1157 1430; x_wconf 80' lang='lat' dir='ltr'>eidem</span> 
     </span>
     <span class='ocr_line' id='line_1_11' title="bbox 149 1463 1158 1551; baseline -0.002 -21"><span class='ocrx_word' id='word_1_73' title='bbox 149 1467 333 1551; x_wconf 57' lang='lat' dir='ltr'>portaret?</span> <span class='ocrx_word' id='word_1_74' title='bbox 377 1465 437 1528; x_wconf 77' lang='lat' dir='ltr'>Aa</span> <span class='ocrx_word' id='word_1_75' title='bbox 461 1465 531 1528; x_wconf 76' lang='lat' dir='ltr'>haee</span> <span class='ocrx_word' id='word_1_76' title='bbox 561 1463 727 1542; x_wconf 71' lang='lat' dir='ltr'>Coeranus,</span> <span class='ocrx_word' id='word_1_77' title='bbox 760 1473 782 1502; x_wconf 78' lang='lat'>‘⁴</span> <span class='ocrx_word' id='word_1_78' title='bbox 793 1463 845 1531; x_wconf 90' lang='lat' dir='ltr'>Ut</span> <span class='ocrx_word' id='word_1_79' title='bbox 870 1466 951 1550; x_wconf 89' lang='lat' dir='ltr'>quid</span> <span class='ocrx_word' id='word_1_80' title='bbox 976 1483 1057 1551; x_wconf 77' lang='lat' dir='ltr'>ergo</span> <span class='ocrx_word' id='word_1_81' title='bbox 1082 1481 1158 1528; x_wconf 79' lang='lat' dir='ltr'>eum</span> 
     </span>
     <span class='ocr_line' id='line_1_12' title="bbox 150 1561 1159 1650; baseline -0.004 -20"><span class='ocrx_word' id='word_1_82' title='bbox 150 1572 244 1630; x_wconf 82' lang='lat' dir='ltr'>teuta</span> <span class='ocrx_word' id='word_1_83' title='bbox 269 1562 422 1648; x_wconf 73' lang='lat' dir='ltr'>requitur</span> <span class='ocrx_word' id='word_1_84' title='bbox 444 1561 644 1628; x_wconf 79' lang='lat' dir='ltr'>multitudo?</span> <span class='ocrx_word' id='word_1_85' title='bbox 666 1579 732 1628; x_wconf 83' lang='lat' dir='ltr'>non</span> <span class='ocrx_word' id='word_1_86' title='bbox 754 1564 824 1628; x_wconf 75' lang='lat' dir='ltr'>hee</span> <span class='ocrx_word' id='word_1_87' title='bbox 848 1563 1032 1650; x_wconf 80' lang='lat' dir='ltr'>legatorum</span> <span class='ocrx_word' id='word_1_88' title='bbox 1057 1561 1159 1626; x_wconf 73' lang='lat' dir='ltr'>aner</span> 
     </span>
     <span class='ocr_line' id='line_1_13' title="bbox 152 1659 1161 1746; baseline -0.004 -18"><span class='ocrx_word' id='word_1_89' title='bbox 152 1682 223 1728; x_wconf 76' lang='lat' dir='ltr'>erae</span> <span class='ocrx_word' id='word_1_90' title='bbox 238 1661 335 1737; x_wconf 71' lang='lat' dir='ltr'>solet,</span> <span class='ocrx_word' id='word_1_91' title='bbox 350 1661 418 1726; x_wconf 85' lang='lat' dir='ltr'>imo</span> <span class='ocrx_word' id='word_1_92' title='bbox 432 1662 732 1746; x_wconf 72' lang='lat' dir='ltr'>supervenientium</span> <span class='ocrx_word' id='word_1_93' title='bbox 754 1662 909 1739; x_wconf 79' lang='lat' dir='ltr'>hostium,</span> <span class='ocrx_word' id='word_1_94' title='bbox 926 1662 984 1746; x_wconf 89' lang='lat' dir='ltr'>qui</span> <span class='ocrx_word' id='word_1_95' title='bbox 1003 1659 1161 1744; x_wconf 82' lang='lat' dir='ltr'>injuriam</span> 
     </span>
     <span class='ocr_line' id='line_1_14' title="bbox 151 1757 1161 1826; baseline -0.002 -2"><span class='ocrx_word' id='word_1_96' title='bbox 151 1761 276 1825; x_wconf 76' lang='lat' dir='ltr'>inferre</span> <span class='ocrx_word' id='word_1_97' title='bbox 290 1760 525 1826; x_wconf 75' lang='lat' dir='ltr'>meditantur.”</span> <span class='ocrx_word' id='word_1_98' title='bbox 573 1759 667 1826; x_wconf 82' lang='lat' dir='ltr'>Tune</span> <span class='ocrx_word' id='word_1_99' title='bbox 683 1759 884 1826; x_wconf 79' lang='lat' dir='ltr'>Mauricius:</span> <span class='ocrx_word' id='word_1_100' title='bbox 909 1757 1161 1826; x_wconf 79' lang='lat' dir='ltr'>“Nondeeebat</span> 
     </span>
    </p>
   </div>
   <div class='ocr_carea' id='block_1_6' title="bbox 13 1855 1160 1944">
    <p class='ocr_par' dir='ltr' id='par_1_6' title="bbox 13 1855 1160 1944">
     <span class='ocr_line' id='line_1_15' title="bbox 13 1855 1160 1944; baseline -0.002 -21"><span class='ocrx_word' id='word_1_101' title='bbox 13 1855 14 1858; x_wconf 49' lang='lat'>&#39;</span> <span class='ocrx_word' id='word_1_102' title='bbox 152 1867 284 1923; x_wconf 78' lang='lat' dir='ltr'>tantum</span> <span class='ocrx_word' id='word_1_103' title='bbox 298 1858 408 1923; x_wconf 78' lang='lat' dir='ltr'>virum</span> <span class='ocrx_word' id='word_1_104' title='bbox 420 1857 598 1944; x_wconf 84' lang='lat' dir='ltr'>inglorium</span> <span class='ocrx_word' id='word_1_105' title='bbox 613 1859 686 1924; x_wconf 81' lang='lat' dir='ltr'>aine</span> <span class='ocrx_word' id='word_1_106' title='bbox 698 1858 972 1923; x_wconf 79' lang='lat' dir='ltr'>commilitonibus</span> <span class='ocrx_word' id='word_1_107' title='bbox 986 1859 1160 1923; x_wconf 74' lang='lat' dir='ltr'>insederat</span> 
     </span>
    </p>
   </div>
   <div class='ocr_carea' id='block_1_7' title="bbox 152 1956 1162 2336">
    <p class='ocr_par' dir='ltr' id='par_1_7' title="bbox 152 1956 1162 2336">
     <span class='ocr_line' id='line_1_16' title="bbox 152 1956 1161 2042; baseline -0.003 -20"><span class='ocrx_word' id='word_1_108' title='bbox 152 1957 337 2042; x_wconf 81' lang='lat' dir='ltr'>praesertim</span> <span class='ocrx_word' id='word_1_109' title='bbox 347 1977 418 2020; x_wconf 84' lang='lat' dir='ltr'>eum</span> <span class='ocrx_word' id='word_1_110' title='bbox 433 1965 568 2041; x_wconf 88' lang='lat' dir='ltr'>propter</span> <span class='ocrx_word' id='word_1_111' title='bbox 583 1956 767 2022; x_wconf 79' lang='lat' dir='ltr'>Romanam</span> <span class='ocrx_word' id='word_1_112' title='bbox 781 1959 971 2042; x_wconf 85' lang='lat' dir='ltr'>potentiam,</span> <span class='ocrx_word' id='word_1_113' title='bbox 983 1964 1161 2041; x_wconf 86' lang='lat' dir='ltr'>etpropter</span> 
     </span>
     <span class='ocr_line' id='line_1_17' title="bbox 153 2056 1162 2141; baseline 0 -21"><span class='ocrx_word' id='word_1_114' title='bbox 153 2064 246 2120; x_wconf 87' lang='lat' dir='ltr'>aetus</span> <span class='ocrx_word' id='word_1_115' title='bbox 267 2073 405 2119; x_wconf 85' lang='lat' dir='ltr'>avorum</span> <span class='ocrx_word' id='word_1_116' title='bbox 422 2076 558 2120; x_wconf 90' lang='lat' dir='ltr'>suorum</span> <span class='ocrx_word' id='word_1_117' title='bbox 572 2056 725 2140; x_wconf 82' lang='lat' dir='ltr'>pluribua</span> <span class='ocrx_word' id='word_1_118' title='bbox 741 2057 875 2141; x_wconf 85' lang='lat' dir='ltr'>regibus</span> <span class='ocrx_word' id='word_1_119' title='bbox 896 2056 1028 2121; x_wconf 85' lang='lat' dir='ltr'>odiosus</span> <span class='ocrx_word' id='word_1_120' title='bbox 1043 2057 1162 2120; x_wconf 78' lang='lat' dir='ltr'>habea·</span> 
     </span>
     <span class='ocr_line' id='line_1_18' title="bbox 152 2151 1161 2230; baseline -0.002 -12"><span class='ocrx_word' id='word_1_121' title='bbox 152 2161 218 2218; x_wconf 82' lang='lat' dir='ltr'>tur.</span> <span class='ocrx_word' id='word_1_122' title='bbox 266 2151 357 2216; x_wconf 90' lang='lat' dir='ltr'>Nam</span> <span class='ocrx_word' id='word_1_123' title='bbox 386 2152 415 2216; x_wconf 84' lang='lat' dir='ltr'>si</span> <span class='ocrx_word' id='word_1_124' title='bbox 444 2173 520 2217; x_wconf 90' lang='lat' dir='ltr'>raro</span> <span class='ocrx_word' id='word_1_125' title='bbox 549 2154 707 2218; x_wconf 81' lang='lat' dir='ltr'>comitatu</span> <span class='ocrx_word' id='word_1_126' title='bbox 735 2154 912 2230; x_wconf 77' lang='lat' dir='ltr'>incederet,</span> <span class='ocrx_word' id='word_1_127' title='bbox 941 2154 1093 2218; x_wconf 79' lang='lat' dir='ltr'>fortassis</span> <span class='ocrx_word' id='word_1_128' title='bbox 1119 2153 1161 2217; x_wconf 90' lang='lat' dir='ltr'>ab</span> 
     </span>
     <span class='ocr_line' id='line_1_19' title="bbox 153 2250 1161 2336; baseline -0.002 -20"><span class='ocrx_word' id='word_1_129' title='bbox 153 2250 296 2316; x_wconf 81' lang='lat' dir='ltr'>inimicis</span> <span class='ocrx_word' id='word_1_130' title='bbox 311 2251 515 2335; x_wconf 83' lang='lat' dir='ltr'>Reipublioae</span> <span class='ocrx_word' id='word_1_131' title='bbox 532 2252 761 2335; x_wconf 81' lang='lat' dir='ltr'>perimeretur.</span> <span class='ocrx_word' id='word_1_132' title='bbox 808 2253 895 2318; x_wconf 81' lang='lat' dir='ltr'>Pace</span> <span class='ocrx_word' id='word_1_133' title='bbox 915 2253 1016 2329; x_wconf 83' lang='lat' dir='ltr'>venit,</span> <span class='ocrx_word' id='word_1_134' title='bbox 1033 2271 1161 2336; x_wconf 87' lang='lat' dir='ltr'>paoem·</span> 
     </span>
    </p>
   </div>
   <div class='ocr_carea' id='block_1_8' title="bbox 13 2349 1161 2436">
    <p class='ocr_par' dir='ltr' id='par_1_8' title="bbox 13 2349 1161 2436">
     <span class='ocr_line' id='line_1_20' title="bbox 13 2349 1161 2436; baseline 0 -22"><span class='ocrx_word' id='word_1_135' title='bbox 13 2383 15 2392; x_wconf 42' lang='grc' dir='ltr'><em>ν</em></span> <span class='ocrx_word' id='word_1_136' title='bbox 154 2372 219 2436; x_wconf 81' lang='lat' dir='ltr'>que</span> <span class='ocrx_word' id='word_1_137' title='bbox 232 2349 330 2434; x_wconf 85' lang='lat' dir='ltr'>petit,</span> <span class='ocrx_word' id='word_1_138' title='bbox 350 2350 440 2433; x_wconf 90' lang='lat' dir='ltr'>quod</span> <span class='ocrx_word' id='word_1_139' title='bbox 459 2371 501 2414; x_wconf 81' lang='lat' dir='ltr'>ex</span> <span class='ocrx_word' id='word_1_140' title='bbox 520 2358 598 2414; x_wconf 80' lang='lat' dir='ltr'>autu</span> <span class='ocrx_word' id='word_1_141' title='bbox 622 2350 725 2434; x_wconf 86' lang='lat' dir='ltr'>ipsius</span> <span class='ocrx_word' id='word_1_142' title='bbox 752 2352 841 2417; x_wconf 83' lang='lat' dir='ltr'>credi</span> <span class='ocrx_word' id='word_1_143' title='bbox 865 2352 968 2416; x_wconf 80' lang='lat' dir='ltr'>decet.</span> <span class='ocrx_word' id='word_1_144' title='bbox 1015 2351 1068 2416; x_wconf 81' lang='lat' dir='ltr'>Ex</span> <span class='ocrx_word' id='word_1_145' title='bbox 1095 2369 1161 2435; x_wconf 86' lang='lat' dir='ltr'>quo</span> 
     </span>
    </p>
   </div>
   <div class='ocr_carea' id='block_1_9' title="bbox 154 2447 1169 3422">
    <p class='ocr_par' dir='ltr' id='par_1_9' title="bbox 154 2447 1169 3422">
     <span class='ocr_line' id='line_1_21' title="bbox 154 2447 1164 2534; baseline -0.002 -20"><span class='ocrx_word' id='word_1_146' title='bbox 154 2463 296 2533; x_wconf 83' lang='lat' dir='ltr'>namque</span> <span class='ocrx_word' id='word_1_147' title='bbox 325 2447 552 2531; x_wconf 76' lang='lat' dir='ltr'>applicuimus,</span> <span class='ocrx_word' id='word_1_148' title='bbox 576 2448 623 2513; x_wconf 86' lang='lat' dir='ltr'>sie</span> <span class='ocrx_word' id='word_1_149' title='bbox 637 2457 765 2514; x_wconf 82' lang='lat' dir='ltr'>nosmet</span> <span class='ocrx_word' id='word_1_150' title='bbox 794 2450 884 2534; x_wconf 85' lang='lat' dir='ltr'>ipsos</span> <span class='ocrx_word' id='word_1_151' title='bbox 913 2449 1098 2526; x_wconf 86' lang='lat' dir='ltr'>habuimus,</span> <span class='ocrx_word' id='word_1_152' title='bbox 1124 2457 1164 2512; x_wconf 88' lang='lat' dir='ltr'>ut</span> 
     </span>
     <span class='ocr_line' id='line_1_22' title="bbox 156 2545 1164 2632; baseline 0 -20"><span class='ocrx_word' id='word_1_153' title='bbox 156 2547 276 2612; x_wconf 86' lang='lat' dir='ltr'>nemini</span> <span class='ocrx_word' id='word_1_154' title='bbox 296 2546 452 2629; x_wconf 88' lang='lat' dir='ltr'>injuriam</span> <span class='ocrx_word' id='word_1_155' title='bbox 475 2546 694 2612; x_wconf 78' lang='lat' dir='ltr'>intulerimus.</span> <span class='ocrx_word' id='word_1_156' title='bbox 741 2545 930 2632; x_wconf 83' lang='lat' dir='ltr'>Expensam</span> <span class='ocrx_word' id='word_1_157' title='bbox 955 2557 1103 2613; x_wconf 77' lang='lat' dir='ltr'>nostram</span> <span class='ocrx_word' id='word_1_158' title='bbox 1125 2555 1164 2612; x_wconf 83' lang='lat' dir='ltr'>ut</span> 
     </span>
     <span class='ocr_line' id='line_1_23' title="bbox 157 2642 1166 2734; baseline 0.001 -23"><span class='ocrx_word' id='word_1_159' title='bbox 157 2668 238 2734; x_wconf 83' lang='lat' dir='ltr'>gens</span> <span class='ocrx_word' id='word_1_160' title='bbox 252 2646 344 2730; x_wconf 86' lang='lat' dir='ltr'>paeis</span> <span class='ocrx_word' id='word_1_161' title='bbox 363 2645 511 2720; x_wconf 71' lang='lat' dir='ltr'>feeimuS,</span> <span class='ocrx_word' id='word_1_162' title='bbox 533 2647 612 2728; x_wconf 83' lang='lat' dir='ltr'>quia</span> <span class='ocrx_word' id='word_1_163' title='bbox 632 2647 820 2711; x_wconf 77' lang='lat' dir='ltr'>necessaria</span> <span class='ocrx_word' id='word_1_164' title='bbox 843 2657 997 2725; x_wconf 86' lang='lat' dir='ltr'>ementes,</span> <span class='ocrx_word' id='word_1_165' title='bbox 1024 2642 1108 2711; x_wconf 83' lang='lat' dir='ltr'>nihil</span> <span class='ocrx_word' id='word_1_166' title='bbox 1134 2647 1166 2712; x_wconf 85' lang='lat' dir='ltr'>ri</span> 
     </span>
     <span class='ocr_line' id='line_1_24' title="bbox 158 2744 1164 2830; baseline 0 -20"><span class='ocrx_word' id='word_1_167' title='bbox 158 2746 299 2830; x_wconf 83' lang='lat' dir='ltr'>euipiarn</span> <span class='ocrx_word' id='word_1_168' title='bbox 319 2744 574 2828; x_wconf 75' lang='lat' dir='ltr'>subripuimus”</span> <span class='ocrx_word' id='word_1_169' title='bbox 622 2744 774 2829; x_wconf 79' lang='lat' dir='ltr'>Cumque</span> <span class='ocrx_word' id='word_1_170' title='bbox 792 2745 977 2810; x_wconf 68' lang='lat' dir='ltr'>hesitasset</span> <span class='ocrx_word' id='word_1_171' title='bbox 999 2745 1164 2822; x_wconf 79' lang='lat' dir='ltr'>Coranus,</span> 
     </span>
     <span class='ocr_line' id='line_1_25' title="bbox 159 2842 1166 2928; baseline 0 -20"><span class='ocrx_word' id='word_1_172' title='bbox 159 2865 200 2908; x_wconf 82' lang='lat' dir='ltr'>an</span> <span class='ocrx_word' id='word_1_173' title='bbox 214 2857 330 2928; x_wconf 78' lang='lat' dir='ltr'>paoem</span> <span class='ocrx_word' id='word_1_174' title='bbox 345 2863 389 2906; x_wconf 90' lang='lat' dir='ltr'>an</span> <span class='ocrx_word' id='word_1_175' title='bbox 401 2842 552 2927; x_wconf 73' lang='lat' dir='ltr'>prelium</span> <span class='ocrx_word' id='word_1_176' title='bbox 563 2843 803 2908; x_wconf 84' lang='lat' dir='ltr'>eommitteret:</span> <span class='ocrx_word' id='word_1_177' title='bbox 824 2843 962 2907; x_wconf 83' lang='lat' dir='ltr'>aoeessit</span> <span class='ocrx_word' id='word_1_178' title='bbox 978 2842 1166 2908; x_wconf 78' lang='lat' dir='ltr'>Oaradoous</span> 
     </span>
     <span class='ocr_line' id='line_1_26' title="bbox 159 2940 1167 3026; baseline 0.001 -20"><span class='ocrx_word' id='word_1_179' title='bbox 159 2943 226 3006; x_wconf 73' lang='lat' dir='ltr'>duur</span> <span class='ocrx_word' id='word_1_180' title='bbox 244 2940 442 3006; x_wconf 83' lang='lat' dir='ltr'>Gomubiae:</span> <span class='ocrx_word' id='word_1_181' title='bbox 464 2950 681 3015; x_wconf 82' lang='lat' dir='ltr'>aeeesserunt¹</span> <span class='ocrx_word' id='word_1_182' title='bbox 692 2941 792 3006; x_wconf 78' lang='lat' dir='ltr'>ueteri</span> <span class='ocrx_word' id='word_1_183' title='bbox 807 2958 972 3026; x_wconf 80' lang='lat' dir='ltr'>proceres,</span> <span class='ocrx_word' id='word_1_184' title='bbox 991 2951 1026 3007; x_wconf 84' lang='lat' dir='ltr'>et</span> <span class='ocrx_word' id='word_1_185' title='bbox 1041 2943 1167 3008; x_wconf 68' lang='lat' dir='ltr'>dissua-</span> 
     </span>
     <span class='ocr_line' id='line_1_27' title="bbox 160 3038 1165 3126; baseline 0.002 -21"><span class='ocrx_word' id='word_1_186' title='bbox 160 3048 276 3106; x_wconf 79' lang='lat' dir='ltr'>serunt</span> <span class='ocrx_word' id='word_1_187' title='bbox 292 3038 432 3103; x_wconf 84' lang='lat' dir='ltr'>Oonano</span> <span class='ocrx_word' id='word_1_188' title='bbox 448 3046 525 3122; x_wconf 88' lang='lat' dir='ltr'>post</span> <span class='ocrx_word' id='word_1_189' title='bbox 538 3039 623 3104; x_wconf 84' lang='lat' dir='ltr'>hane</span> <span class='ocrx_word' id='word_1_190' title='bbox 646 3039 839 3124; x_wconf 79' lang='lat' dir='ltr'>petitionem</span> <span class='ocrx_word' id='word_1_191' title='bbox 861 3041 983 3104; x_wconf 87' lang='lat' dir='ltr'>bellum</span> <span class='ocrx_word' id='word_1_192' title='bbox 1005 3040 1165 3126; x_wconf 80' lang='lat' dir='ltr'>ingerere.</span> 
     </span>
     <span class='ocr_line' id='line_1_28' title="bbox 161 3136 1167 3222; baseline 0.003 -21"><span class='ocrx_word' id='word_1_193' title='bbox 161 3138 228 3219; x_wconf 71' lang='lat' dir='ltr'>Qui</span> <span class='ocrx_word' id='word_1_194' title='bbox 246 3138 327 3202; x_wconf 83' lang='lat' dir='ltr'>lieet</span> <span class='ocrx_word' id='word_1_195' title='bbox 347 3136 503 3201; x_wconf 74' lang='lat' dir='ltr'>dimicare</span> <span class='ocrx_word' id='word_1_196' title='bbox 517 3137 697 3214; x_wconf 74' lang='lat' dir='ltr'>maluisset,</span> <span class='ocrx_word' id='word_1_197' title='bbox 716 3137 873 3222; x_wconf 84' lang='lat' dir='ltr'>depositis</span> <span class='ocrx_word' id='word_1_198' title='bbox 890 3138 993 3202; x_wconf 84' lang='lat' dir='ltr'>ermis</span> <span class='ocrx_word' id='word_1_199' title='bbox 1006 3139 1167 3204; x_wconf 75' lang='lat' dir='ltr'>noncessit</span> 
     </span>
     <span class='ocr_line' id='line_1_29' title="bbox 162 3235 1169 3322; baseline 0.001 -19"><span class='ocrx_word' id='word_1_200' title='bbox 162 3239 208 3303; x_wconf 87' lang='lat' dir='ltr'>eis</span> <span class='ocrx_word' id='word_1_201' title='bbox 234 3257 360 3322; x_wconf 79' lang='lat' dir='ltr'>paoem.</span> <span class='ocrx_word' id='word_1_202' title='bbox 417 3235 595 3322; x_wconf 84' lang='lat' dir='ltr'>Duxitque</span> <span class='ocrx_word' id='word_1_203' title='bbox 627 3235 868 3302; x_wconf 84' lang='lat' dir='ltr'>Maximianum</span> <span class='ocrx_word' id='word_1_204' title='bbox 904 3238 1094 3304; x_wconf 68' lang='lat' dir='ltr'>londonias</span> <span class='ocrx_word' id='word_1_205' title='bbox 1126 3240 1169 3304; x_wconf 84' lang='lat' dir='ltr'>ad</span> 
     </span>
     <span class='ocr_line' id='line_1_30' title="bbox 162 3334 798 3422; baseline 0.002 -23"><span class='ocrx_word' id='word_1_206' title='bbox 162 3355 284 3422; x_wconf 79' lang='lat' dir='ltr'>regem,</span> <span class='ocrx_word' id='word_1_207' title='bbox 300 3342 337 3399; x_wconf 85' lang='lat' dir='ltr'>et</span> <span class='ocrx_word' id='word_1_208' title='bbox 350 3353 418 3399; x_wconf 85' lang='lat' dir='ltr'>rem</span> <span class='ocrx_word' id='word_1_209' title='bbox 431 3334 552 3400; x_wconf 81' lang='lat' dir='ltr'>ordine</span> <span class='ocrx_word' id='word_1_210' title='bbox 562 3335 798 3400; x_wconf 71' lang='lat' dir='ltr'>manifestavit.</span> 
     </span>
    </p>
   </div>
   <div class='ocr_carea' id='block_1_10' title="bbox 0 0 1461 4888">
    <p class='ocr_par' dir='ltr' id='par_1_10' title="bbox 0 0 1461 4888">
     <span class='ocr_line' id='line_1_31' title="bbox 0 0 1461 4888; baseline 0 0"><span class='ocrx_word' id='word_1_211' title='bbox 0 0 1461 4888; x_wconf 95' lang='lat' dir='ltr'> </span> 
     </span>
    </p>
   </div>
  </div>
 </body>
</html>
