2862 4870
419 528 575 572 ursronnu
590 529 663 572 uns.
679 531 760 572 mur.
776 531 837 574 mn.
853 529 890 573 1.·
1108 517 1145 574 21

142 663 246 730 inulla
259 669 513 752 provinciarum,
531 694 601 756 quae
620 675 776 738 sonsociis
791 675 857 740 suis
882 675 1064 740 distributae
1078 675 1148 740 fue-

142 773 223 830 rant.
270 766 355 832 Erat
370 769 417 834 ibi
431 771 517 835 inter
527 780 653 836 ceteros
663 774 864 838 detestabilia
876 774 1006 859 quidam
1017 774 1148 840 nomina

143 859 324 951 Godmagot
336 875 472 932 staturae
489 870 658 934 duodecim
673 872 865 949 cubitorum,
882 872 935 957 qui
955 880 1056 936 tantae
1082 873 1148 937 vir-

139 961 216 1026 tutis
243 965 399 1042 existens,
425 989 576 1051 quercum
599 970 699 1033 semel
722 991 891 1035 excussam
913 971 1001 1035 velut
1023 969 1147 1056 virgam

140 1062 238 1145 coryli
250 1064 421 1130 evellebat.
470 1066 621 1146 Quadam
637 1068 689 1132 die
705 1068 781 1132 dum
797 1067 921 1133 Brutus
936 1069 1077 1152 inportu
1086 1091 1148 1154 quo

138 1161 340 1243 applicuerat
348 1163 502 1228 festivum
508 1164 584 1229 Diis
602 1165 688 1229 diem
697 1167 888 1244 celebraret,
898 1167 1086 1251 supervenit
1094 1167 1149 1232 ille

138 1278 207 1322 cum
222 1261 342 1346 viginti
364 1263 561 1347 gigantibus,
578 1271 674 1347 atque
697 1265 862 1329 dirissima
882 1265 969 1328 caede
992 1263 1148 1331 Britones

137 1357 254 1425 affecit.
301 1359 350 1424 At
366 1362 520 1427 Britones
535 1363 667 1427 tandem
678 1364 818 1448 undique
833 1363 1031 1428 confluentes
1046 1365 1081 1427 in
1092 1385 1148 1430 cos

137 1463 398 1541 praevaluerunt:
422 1485 596 1548 omnesque
620 1472 741 1548 praeter
767 1463 952 1550 Godmagot
975 1464 1148 1530 interfece-

137 1568 222 1624 rrmt.
271 1561 371 1625 Hunc
383 1561 506 1626 Brutus
518 1564 627 1627 vivum
638 1563 800 1626 reservari
815 1571 1025 1647 preceperat,
1035 1564 1148 1628 volens

136 1658 247 1724 videre
269 1662 480 1726 luctationem
506 1663 606 1746 ipsius
622 1671 657 1727 et
678 1661 823 1737 Corinei,
841 1663 894 1747 qui
916 1663 1003 1727 ultra
1016 1662 1148 1727 modum

137 1778 207 1821 cum
221 1760 343 1825 talibus
359 1761 516 1824 aestuabat
531 1760 696 1845 congredi.
743 1760 858 1845 Itaque
875 1760 1034 1825 Corineus
1044 1763 1148 1826 maxi-

136 1877 187 1920 mo
213 1856 372 1922 fluctuans
402 1859 533 1944 gaudio,
561 1859 719 1923 succinxit
746 1881 790 1934 se,
819 1869 852 1924 et
881 1859 1016 1943 abjectis
1047 1862 1148 1926 armis

74 2010 76 2016 .
136 1956 240 2040 ipsum
256 1957 299 2020 ad
321 1958 507 2022 luctandum
522 1965 687 2041 provocat.
736 1956 824 2021 Inito
840 1957 956 2022 deinde
970 1960 1149 2024 certamine

136 2055 210 2119 hinc
222 2065 291 2120 stat
308 2057 477 2132 Oorineus,
493 2057 568 2120 hinc
583 2057 687 2142 gigne,
705 2065 739 2120 et
758 2057 842 2120 alter
857 2057 996 2121 aiterum
1010 2058 1148 2123 vinculis

135 2156 342 2220 brachiorum
372 2164 559 2233 annectens,
584 2155 708 2219 crebris
731 2155 892 2220 afflatibus
915 2159 995 2220 aera
1016 2167 1146 2222 vexant.

137 2253 206 2320 Nec
220 2277 324 2332 mora,
344 2255 528 2341 Godmagot
545 2255 721 2319 Corineum
731 2256 882 2319 maximis
891 2256 1014 2320 viribus
1030 2257 1148 2319 astrin-

135 2377 225 2440 genS,
247 2355 350 2440 fregit
377 2355 407 2418 ei
430 2362 499 2418 tres
522 2362 651 2418 costas:
684 2353 763 2418 duas
787 2355 823 2417 in
846 2356 949 2418 latere
971 2355 1098 2430 dextro,
1115 2363 1149 2418 et

136 2476 232 2519 unam
237 2455 272 2517 in
279 2453 424 2518 sinistro.
454 2452 553 2517 Unde
566 2452 725 2517 Corineus
734 2453 769 2516 in
778 2454 861 2517 iram
871 2454 1063 2537 compulsus
1075 2473 1149 2517 suas

135 2555 299 2620 revocavit
314 2554 412 2629 vires,
425 2561 459 2616 et
473 2552 627 2637 imposuit
641 2552 731 2616 illum
745 2554 889 2617 humeris
904 2554 980 2627 suis,
997 2560 1031 2615 et
1046 2551 1148 2635 impo-

136 2655 207 2729 sito,
226 2661 385 2737 quantum
399 2651 553 2715 velocitas
567 2671 628 2734 pro
644 2650 787 2734 pondere
797 2652 935 2727 sinebat,
943 2651 985 2714 ad
999 2651 1149 2734 proxima

135 2753 247 2818 littora
262 2752 416 2817 cucurrit.
452 2750 583 2814 Deinde
599 2751 820 2814 summitatem
827 2751 963 2814 excelsae
972 2751 1062 2834 rupis
1075 2772 1149 2815 nac-

134 2863 197 2929 tus,
205 2853 350 2917 excussit
361 2873 406 2926 se,
418 2858 451 2914 et
460 2850 652 2933 praedictum
657 2850 755 2914 letale
765 2858 946 2914 monstrum
956 2850 1041 2934 quod
1051 2872 1148 2935 super

135 2955 286 3017 humeros
316 2972 391 3014 suos
420 2949 549 3012 ferebat
576 2948 612 3011 in
640 2970 731 3012 mare
756 2949 905 3032 projecit,
934 2957 968 3012 at
998 2949 1059 3012 elle
1088 2970 1147 3032 per

136 3056 273 3138 abrupta
288 3073 368 3116 saxa
390 3049 519 3123 cadens,
535 3049 570 3111 in
585 3049 673 3112 mille
688 3048 794 3112 frusta
809 3049 1002 3112 dilaceratus
1020 3056 1089 3113 est:
1114 3057 1147 3113 et

133 3153 246 3217 fluctus
262 3149 419 3236 sanguine
427 3147 611 3211 maculavit.
659 3145 766 3210 Locus
776 3154 884 3211 autem
899 3147 983 3212 illea
997 3147 1146 3231 praecipi-

135 3252 258 3315 tatione
278 3247 421 3335 gigantis
443 3266 562 3310 nomen
583 3244 720 3328 adeptus
748 3244 1017 3331 Lamgoiimngot,
1040 3246 1074 3308 id
1097 3254 1148 3310 est

137 3351 234 3413 saltus
253 3347 448 3431 Go‘emagot,
463 3343 612 3427 usquein
626 3352 822 3428 presentem
838 3344 924 3408 diem
936 3353 1081 3411 vocatur.

318 3607 332 3690 ξ
357 3603 404 3667 17
427 3621 548 3664 BRUTUS
570 3620 691 3663 rRoJAM
713 3621 820 3664 NovaM
842 3620 965 3663 commu.

291 3800 361 3963 θ
329 3766 394 3809 3-.
446 3732 523 3798 ISO
547 3734 680 3797 tandem
707 3754 809 3818 regno
835 3732 1000 3796 affectavit
1025 3731 1148 3798 Brutus

319 3826 320 3829 ¹
284 3833 371 3976 ω’
394 3824 400 3827 ’
445 3836 610 3900 civitatem
633 3835 803 3900 aedificare.
850 3834 1015 3901 Affectum
1041 3837 1150 3921 itaque

445 3959 539 4003 suum
569 3960 740 4022 exequens,
773 3938 886 4003 circuit
915 3940 1016 4004 totius
1050 3949 1150 4006 terra)

445 4039 551 4112 situm,
583 4046 619 4102 ut
640 4058 816 4122 congruum
840 4038 945 4102 locum
967 4039 1148 4105 inveniret:

443 4136 637 4220 perveniens
669 4144 777 4199 autem
803 4136 845 4198 ad
871 4135 1065 4202 Temensem
1091 4138 1149 4201 flu-

406 4234 542 4310 vium,
568 4234 784 4300 deambulavit
799 4255 857 4318 per
881 4236 1004 4310 littora,
1029 4236 1148 4299 locum-

137 4347 195 4410 que
203 4339 316 4394 nactus
326 4339 377 4394 est
389 4334 559 4418 proposito
576 4355 633 4398 suo
649 4335 865 4417 perspicuum.
920 4334 1076 4401 Condidit
1086 4334 1147 4399 ite
