2848 4888
279 455 338 518 168
580 477 691 522 amre.
713 477 954 522 uosuuurnuus

276 625 381 682 totam
397 615 616 706 Norwegiam,
639 641 764 687 necnon
786 630 820 686 et
834 620 983 697 Daciam,
999 619 1143 685 dominio
1165 619 1280 685 Artori

278 715 510 784 submiserunt.
557 719 688 799 Quibus
718 720 872 796 subactis,
903 740 977 783 cum
1007 717 1074 783 Lot
1099 718 1134 782 in
1171 741 1280 806 regem

278 810 464 900 Norwegiae
488 818 715 900 promovisset,
735 817 901 902 navigavit
920 815 1067 881 Arturus
1086 816 1130 881 ad
1146 815 1279 892 Gallias,

277 911 439 998 factisque
475 915 593 980 turmis
629 917 770 1001 patriam
799 917 945 1002 undique
979 922 1111 980 vastare
1140 914 1279 999 inooepit.
1321 933 1323 938 ·

279 1007 363 1074 Erat
391 1019 471 1076 tunc
499 1014 667 1095 provincia
698 1013 806 1079 Gallia
835 1014 951 1078 Romae
981 1012 1120 1077 Flolloni
1149 1013 1280 1078 tribuno

277 1110 457 1186 commissa,
488 1113 545 1194 qui
574 1134 646 1177 eam
676 1114 737 1178 sub
766 1113 881 1177 Leone
906 1111 1119 1194 Imperatore
1135 1112 1278 1196 regebat.

278 1205 346 1285 Qui
361 1227 436 1271 cum
450 1207 569 1272 Arturi
583 1212 760 1274 adventum
772 1211 992 1294 comperisset,
1008 1210 1138 1294 collegit
1154 1229 1280 1273 omnem

277 1314 437 1370 armatum
451 1309 587 1372 militem
617 1310 673 1394 qui
702 1309 857 1392 potestati
884 1329 951 1372 suae
975 1307 1122 1391 parebat,
1150 1317 1183 1372 et
1210 1328 1281 1372 oum

277 1400 404 1469 Arturo
415 1407 580 1491 praeliatus
590 1416 651 1484 est,
662 1407 860 1472 sedminime
870 1407 1024 1471 resistere
1033 1406 1146 1488 quivit.
1195 1403 1281 1470 Nam

277 1498 439 1568 Arturum
464 1505 620 1588 juventus
646 1506 826 1570 insularum
852 1505 996 1569 omnium
1022 1524 1104 1586 quas
1128 1504 1281 1588 subjuga-

275 1609 378 1676 verat,
392 1604 618 1669 comitabatur.
665 1603 762 1669 Unde
775 1612 905 1668 tantum
915 1602 1147 1687 perhibebatur
1162 1603 1282 1666 habere

277 1701 467 1778 exercitum,
485 1711 643 1786 quantum
658 1711 730 1768 erat
742 1702 870 1767 difficile
880 1703 920 1765 ab
936 1702 1002 1765 ullo
1013 1721 1110 1784 posse
1122 1701 1279 1784 superari.

278 1795 512 1863 Famulabatur
527 1821 657 1884 quoque
678 1801 707 1864 ei
727 1801 841 1865 melior
856 1822 933 1884 pars
955 1799 1131 1864 Gallicana
1145 1798 1279 1872 militia,

276 1916 374 1979 quam
412 1918 472 1962 sua
508 1899 661 1983 largitate
691 1900 753 1962 sibi
783 1899 955 1963 obnoxiam
984 1899 1118 1962 fecerat.
1177 1895 1279 1960 Flollo

276 1994 378 2079 igitur
393 2016 467 2059 cum
492 2017 563 2060 sese
585 1997 618 2060 in
637 1996 832 2061 deteriorem
856 1997 960 2081 praelii
985 2005 1113 2080 partem
1139 1994 1279 2059 incidere

276 2092 422 2169 vidisset,
438 2095 552 2160 relicto
567 2095 740 2159 confestim
765 2117 878 2179 campo
905 2094 1049 2159 Parisios
1072 2115 1146 2158 cum
1169 2093 1279 2178 paucis

276 2191 416 2278 diffirgit.
465 2193 517 2257 lbi
531 2195 691 2258 resociato
707 2195 831 2280 dilapso
845 2194 976 2279 populo,
992 2192 1131 2257 munivit
1146 2191 1278 2256 urbem:

276 2291 455 2355 etiterum
478 2293 642 2357 affectavit
668 2314 743 2357 cum
766 2291 893 2357 Arturo
915 2290 1078 2358 dimiome.
1125 2288 1173 2354 At
1204 2290 1280 2353 dum

275 2391 453 2454 exereitum
470 2411 565 2454 suum
580 2390 759 2455 vicinorum
778 2389 900 2455 auxilio
915 2389 1070 2454 roborare
1085 2388 1280 2464 intenderet,

276 2507 316 2551 ex
332 2489 506 2572 improviso
530 2490 618 2554 venit
633 2487 790 2565 Arturus,
812 2489 984 2573 ipsumque
1010 2488 1098 2552 intra
1117 2487 1281 2554 civitatem

276 2587 412 2652 obsedit.
460 2586 602 2651 Emenso
625 2587 763 2672 deniquo
777 2607 898 2662 mense,
924 2607 998 2650 oum
1023 2583 1127 2648 Flollo
1149 2593 1282 2669 gentem

276 2705 369 2750 suam
383 2685 471 2750 fame
490 2686 597 2768 perire
618 2685 794 2760 doluisset*
808 2684 975 2748 mandavit
1001 2682 1137 2757 Attum,
1165 2691 1204 2747 ut
1220 2685 1282 2768 ipsi

276 2782 337 2846 soli
349 2783 492 2848 duellum
506 2784 644 2848 inirent:
669 2790 702 2846 et
711 2782 763 2848 eui
773 2783 909 2846 victoria
920 2781 1132 2865 provenisset,
1143 2781 1281 2848 alterius

275 2901 413 2966 regnum
429 2881 600 2947 obtineret.
648 2880 731 2946 Erat
747 2881 833 2944 enim
844 2880 914 2963 ipse
923 2886 1069 2954 staturae,
1082 2887 1115 2946 et
1124 2880 1280 2958 audacie,

276 2987 309 3044 et
324 2978 527 3044 fortitudinis
546 3000 694 3066 magne:
723 2980 842 3062 quibus
862 2979 948 3042 ultra
967 2978 1101 3041 modum
1127 2978 1280 3055 confisus,

275 3076 322 3141 ita
341 3077 563 3152 mandaverat,
586 3067 624 3141 ut
646 3078 707 3141 hoc
730 3077 827 3140 modo
851 3077 965 3140 salutis
986 3077 1112 3142 aditum
1131 3077 1279 3143 baberet.

276 3175 376 3255 Quod
387 3196 460 3239 cum
472 3172 598 3239 Arturo
613 3177 799 3240 nunciatum
815 3185 911 3251 esset,
927 3176 1050 3259 placuit
1065 3176 1095 3240 ei
1110 3177 1281 3240 vehemen-

273 3281 326 3338 ter
352 3271 508 3342 Flollonis
534 3273 680 3337 affectus.
727 3272 1008 3358 Renuntiavitque
1029 3295 1098 3337 sese
1128 3282 1281 3357 paratum

273 3372 346 3437 fore
369 3371 556 3455 praedictam
576 3372 823 3436 conventionem
842 3379 964 3436 tenere.
1011 3369 1100 3435 Dato
1120 3371 1225 3456 igitur
1240 3373 1281 3437 ab

273 3480 412 3556 utreque
435 3478 529 3555 parte
552 3470 684 3546 foedere,
709 3470 906 3534 conveniunt
929 3478 1069 3554 uterque
1090 3470 1124 3532 in
1139 3470 1280 3535 insulam

273 3591 346 3654 qua
361 3577 434 3634 erat
448 3578 542 3634 extra
555 3569 730 3645 civitatem,
746 3569 866 3653 populo
882 3576 1073 3652 expectante
1088 3568 1167 3652 quid
1183 3569 1225 3634 de
1234 3569 1280 3634 eis

273 3667 422 3732 futurum
451 3676 532 3734 erat.
578 3665 686 3733 Ambo
716 3675 811 3732 erant
840 3668 992 3732 decenter
1021 3668 1158 3732 armati:
1182 3689 1281 3753 super

273 3787 374 3851 equos
390 3768 488 3831 etiam
503 3767 594 3830 mire
602 3766 784 3831 velocitatis
800 3767 973 3831 sedentes:
996 3787 1055 3830 nec
1067 3774 1279 3853 eratpromp-

272 3874 344 3930 tum
364 3865 531 3931 dinoscere
554 3865 622 3928 utri
644 3865 831 3948 triumphus
856 3865 1054 3948 proveniret.
1102 3863 1151 3929 Ut
1168 3866 1279 3950 itaque

273 3965 392 4029 erectis
405 3963 524 4030 lanceis
539 3964 573 4035 in
588 3963 733 4036 adversis
749 3963 898 4047 partibus
915 3970 1088 4039 steterunt,
1105 3963 1279 4029 confestim

217 4059 219 4063 ’
274 4062 449 4126 subdentes
470 4061 562 4144 equis
577 4061 724 4138 calcaria,
746 4081 817 4125 sese
831 4061 982 4125 maximis
1003 4061 1122 4126 ictibus
1145 4083 1278 4144 percus.

272 4167 396 4225 serunt.
434 4158 482 4222 At
491 4157 636 4224 Arturus
645 4167 778 4244 gestans
790 4159 917 4224 cautius
927 4160 1083 4236 lanceam,
1098 4158 1277 4228 Flollonem
