2848 4888
254 436 314 497 110
364 454 366 460 ¹
556 451 668 496 amre.
689 449 929 494 nouuuurnusrs

253 604 414 663 venerunt
440 593 527 661 Octa
555 603 589 660 et
619 593 738 658 Ebissa
761 602 795 658 et
829 593 969 658 Oerdich
999 613 1073 656 cum
1102 591 1260 657 trecentis

252 696 390 760 navibus
420 701 546 758 armata
570 715 670 757 manu
695 693 839 776 repletis,
866 714 949 776 quos
979 713 1090 756 omnes
1119 691 1262 776 benigne

254 794 398 877 suscepit
412 791 649 878 Vortegirnus:
672 791 882 875 maximisque
903 790 1093 854 muneribus
1114 790 1260 853 donavit.

254 889 415 958 Vincebat
438 912 579 974 namque
603 890 749 953 inimicos
774 910 850 952 suos
874 910 932 971 per
959 909 1025 963 eoa
1052 896 1085 951 et
1108 887 1142 950 in
1168 887 1260 951 omni

252 989 365 1072 proelio
401 989 505 1052 victor
538 988 709 1052 existebat.
757 987 939 1072 Hengistus
973 987 1071 1050 etiam
1100 986 1261 1069 paulatim

253 1107 352 1150 naves
378 1087 546 1162 invitabat,
568 1093 602 1149 et
623 1085 768 1169 quotidie
787 1105 960 1150 numerum
982 1105 1078 1147 suum
1103 1084 1258 1169 augebat.

255 1183 355 1264 Quod
392 1206 465 1248 cum
502 1185 658 1248 vidissent
682 1183 860 1258 'Britonea
897 1183 1113 1266 proditionem
1143 1203 1261 1245 eorum

251 1283 416 1359 timentes,
447 1284 517 1368 regi
543 1283 707 1358 dixerunt,
734 1291 773 1347 ut
802 1283 888 1366 ipsos
910 1303 928 1345 e
952 1281 1072 1345 finibus
1095 1281 1187 1365 regni
1207 1283 1261 1344 sui

253 1382 440 1465 expelleret.
498 1380 575 1445 Non
605 1383 690 1445 enim
721 1381 883 1444 debebant
907 1378 1032 1463 Pagaui
1060 1377 1259 1444 Christianis

253 1481 500 1555 communicare,
516 1501 576 1544 nec
591 1480 774 1554 intromitti,
787 1479 863 1562 quia
880 1477 1066 1542 Christiana
1080 1476 1133 1540 lex
1148 1479 1260 1561 prohi-

252 1577 360 1642 bebat.
408 1578 547 1662 Insuper
576 1586 669 1642 tanta
704 1576 879 1640 multitudo
916 1577 1102 1651 advenerat,
1136 1576 1183 1638 ita
1218 1586 1260 1640 ut

253 1677 376 1741 civibus
391 1678 510 1740 terrori
530 1685 648 1740 essent.
698 1676 772 1740 Jam
787 1676 990 1739 nesciebatur
1012 1675 1084 1757 quis
1101 1672 1258 1758 Paganus

253 1783 349 1851 esset,
373 1776 446 1858 quis
475 1775 696 1840 Christianus:
720 1774 799 1858 quia
825 1772 951 1857 Pagani
976 1773 1058 1836 filias
1074 1780 1107 1835 et
1122 1793 1259 1836 consan-

252 1872 386 1958 guineas
414 1894 527 1936 eorum
553 1873 612 1938 sibi
638 1873 887 1936 associaverant.
935 1868 1028 1933 Talia
1055 1869 1255 1952 objicientes

253 1971 485 2035 dissuadebant
500 1973 569 2056 regi
584 1972 657 2035 illos
672 1971 824 2045 retinere,
840 1990 882 2034 ne
897 1969 930 2032 in
951 1969 1133 2052 proditione
1148 1969 1258 2052 aliqua

252 2070 339 2134 cives
369 2071 692 2156 supergrederentur.
741 2069 790 2133 At
819 2068 1037 2152 Vortegirnus
1067 2067 1257 2150 diffugiebat

253 2170 386 2233 consilio
407 2191 521 2233 eorum
541 2171 760 2254 acquiescere:
783 2168 859 2252 quia
885 2188 983 2250 super
1006 2188 1117 2230 omnes
1141 2173 1257 2251 gentes

253 2275 388 2351 propter
418 2268 589 2353 conjugem
616 2290 708 2332 suam
738 2267 826 2350 ipsos
849 2265 1012 2350 diligebat.
1061 2263 1160 2342 Quod
1183 2287 1257 2328 cum

252 2366 408 2430 vidissent
432 2365 595 2441 Britones,
621 2365 837 2429 deseruerunt
862 2364 934 2428 ilico
949 2363 1198 2446 Vortegirnum,
1223 2371 1257 2428 et

252 2465 451 2528 unanimiter
480 2464 714 2528 Vortimerium
735 2463 838 2526 filium
869 2463 939 2546 ejus
965 2462 998 2524 in
1024 2483 1135 2546 regem
1165 2483 1258 2525 erex-

253 2571 368 2627 erunt:
392 2563 448 2647 qui
463 2564 508 2626 eis
525 2562 742 2646 acquiescens
764 2582 823 2645 per
839 2561 946 2623 omnia
965 2559 1083 2642 incepit
1095 2560 1258 2643 expellere

254 2660 430 2736 BarbaroS,
468 2668 567 2744 atque
605 2680 803 2744 oppugnare,
841 2666 875 2722 et
912 2657 990 2720 diris
1020 2657 1257 2740 irruptionibus

252 2760 390 2824 afficere.
452 2758 704 2841 Quatuorbella
719 2757 822 2842 gessit
837 2756 987 2820 cumeis:
1011 2764 1045 2819 et
1058 2757 1092 2818 in
1107 2756 1258 2822 omnibns

253 2856 430 2940 superavit.
477 2856 625 2919 Primum
648 2878 745 2940 super
760 2856 895 2919 fluvium
913 2853 1083 2918 Derwent.
1132 2853 1258 2918 Secun-

254 2955 332 3019 dum
348 2976 445 3038 super
460 2956 580 3018 vadum
604 2955 779 3038 Episford:
803 2955 860 3019 ubi
885 2962 1107 3018 convenerunt
1124 2953 1259 3017 Horsus

252 3062 287 3116 et
312 3053 508 3136 Oatigernus
534 3054 617 3116 alter
643 3054 728 3116 filius
755 3052 954 3138 Vortegirni.
1003 3050 1259 3136 Oongressuque

252 3152 340 3216 facto
356 3151 540 3214 ceciderunt
556 3153 661 3227 ambo,
685 3154 767 3215 alter
783 3153 923 3215 alterum
942 3150 1082 3214 letaliter
1097 3151 1257 3236 aggressi.

255 3249 404 3313 Tertium
425 3248 546 3312 bellum
563 3270 660 3332 super
682 3251 775 3314 littus
790 3249 908 3312 maris:
932 3269 997 3332 quo
1024 3269 1123 3312 naves
1142 3249 1259 3312 mulie-

252 3347 355 3412 briter
370 3347 517 3432 ingressi‚
540 3348 741 3432 diffugerunt
755 3347 885 3411 hostes:
909 3355 942 3410 et
962 3347 1101 3410 insulam
1125 3346 1259 3412 Thanet

246 3453 312 3531 'pro
335 3447 463 3531 refugio
490 3446 671 3510 adiverunt.
717 3445 764 3509 At
793 3444 1011 3509 Vortimerius
1036 3446 1107 3509 illos
1137 3445 1259 3510 ibidem

253 3544 389 3622 obsedit,
407 3553 440 3608 et
454 3544 562 3608 navali
583 3544 694 3627 praelio
715 3544 858 3627 quotidie
873 3543 1058 3608 infestabat.
1107 3543 1259 3629 Cumque

254 3643 430 3708 Britonum
444 3643 600 3726 impetum
613 3641 735 3705 diutius
750 3643 891 3706 tolerare
902 3642 1084 3725 nequirent,
1096 3643 1259 3708 miserunt

253 3742 489 3826 Vortegirnum
514 3761 636 3824 regem,
665 3740 720 3822 qui
742 3740 776 3802 in
791 3740 940 3803 omnibus
962 3741 1054 3804 bellis
1078 3763 1152 3804 cum
1175 3741 1256 3824 ipsis

253 3840 377 3915 aderat,
393 3838 436 3902 ad
449 3839 551 3901 filium
563 3859 659 3902 suum
675 3837 919 3913 Vortimerium;
934 3846 1082 3921 petentes
1094 3840 1257 3904 licentiam

253 3935 456 4011 abscedendi,
472 3936 667 4019 petendique
684 3934 892 3999 Germaniam
908 3958 981 3999 cum
993 3937 1107 4001 salute.
1156 3937 1256 4001 Oum-

253 4034 417 4119 quoinde
447 4035 643 4117 colloquium
666 4034 834 4110 haberent,
862 4034 990 4097 interim
1016 4035 1154 4120 ingressi
1177 4043 1257 4098 sunt

255 4134 388 4198 Colores
404 4153 490 4207 suas,
513 4133 697 4215 relictisque
711 4134 902 4197 mulieribus
918 4135 954 4198 ¹'et
968 4133 1053 4210 filiis,
1066 4134 1101 4197 in
1118 4133 1256 4198 Germa-

254 4233 340 4295 niam
355 4230 533 4295 redierunt.
