2872 4876
338 386 493 438 earunn.
517 386 718 442 ursaonae.
741 389 814 442 nna
838 389 889 441 1v.
1073 373 1117 447 27

110 536 273 625 Cumque
287 536 326 612 id
345 538 482 614 Gaesari
492 543 713 629 roupertum
728 547 835 630 esset,
850 539 941 617 veiis
960 541 1120 618 maxima

108 637 507 713 viretortisadterram
518 647 697 715 revertere
709 641 876 716 festinat:
899 641 970 728 ipsi
981 666 1119 730 quoque

109 736 172 823 qui
190 737 230 810 in
249 744 355 812 tanto
376 738 535 825 periculo
555 741 818 830 superfuerant,
831 740 895 816 vix
909 741 1024 830 elapsi
1036 766 1120 817 oum

108 836 172 911 illo
186 837 356 912 tellurem
371 837 558 912 scandunt.

331 1107 362 1121 Π,
398 1053 443 1112 oo
465 1037 874 1125 planeGassibellaunus
890 1037 1036 1128 arripe,
1049 1063 1120 1126 qna

133 1154 207 1211 Ξ
265 1137 345 1182 ”Ξ
397 1135 522 1210 aderat
531 1136 717 1224 aspiciens,
728 1136 860 1225 gaudet
868 1136 1027 1226 periculo
1037 1139 1121 1210 sub-

213 1249 233 1260 “
264 1248 297 1308 ς’
320 1284 324 1299 ;
376 1258 617 1325 ‹mersorum3
639 1235 702 1310 sed
715 1235 888 1309 tristatur
903 1237 949 1308 ob
965 1234 1120 1308 salutern

262 1400 283 1437 ἡ,
396 1340 608 1408 ceterorum.
653 1333 749 1409 Dato
771 1333 884 1423 igitur
908 1331 1119 1408 commilito-

5 1457 6 1464 ’
127 1444 238 1534 ᾗ,
311 1450 355 1533 3
370 1459 382 1533 j
396 1431 503 1506 nibus
524 1431 600 1507 suis
616 1431 727 1522 signo,
742 1431 916 1520 impeturn
931 1431 970 1506 in
986 1431 1120 1506 Roma

127 1562 149 1570 ⁷
183 1540 204 1543 Ξ
221 1541 238 1577 ῑ
265 1531 369 1572 ΞΞ
396 1554 463 1605 nos
492 1529 588 1605 feeit
634 1531 689 1605 At
718 1529 885 1619 Romani,
915 1553 1119 1618 quanquam

110 1631 310 1720 perieulum
324 1633 363 1707 in
373 1630 483 1706 fluvio
497 1630 658 1717 perpessi
671 1629 837 1717 fuissent,
847 1635 891 1702 ut
903 1635 1003 1702 terra
1011 1626 1121 1717 potiti

111 1739 209 1823 sunt,
231 1733 387 1807 viriliter
401 1729 594 1805 Britonum
608 1728 802 1816 irruptioni
811 1727 1043 1802 restiterunt:
1059 1751 1122 1801 au·

32 1873 38 1881 ·
109 1832 252 1906 daciam
276 1855 415 1920 quoque
437 1854 504 1918 pro
528 1852 631 1901 muro
656 1827 841 1916 habentes,
868 1834 1025 1916 stragem
1049 1850 1121 1899 non

5 1931 7 1998 i
111 1930 301 2004 minimam
316 1931 496 2005 fecerunt:
521 1927 584 2002 sed
597 1935 720 2002 tamen
734 1927 907 2015 maiorem
921 1925 1121 2014 patiuntur,

5 2015 7 2052 i
109 2054 219 2117 quam
230 2029 442 2117 inferebant,
453 2025 649 2116 periclitati
659 2024 987 2113 namqueinfluvio‚
1002 2023 1122 2112 pauoi-

21 2197 24 2202 .
48 2224 50 2230 ¹
110 2153 191 2202 ores
207 2127 439 2202 incedebant:
462 2125 630 2200 Britones
644 2149 728 2198 vero
744 2123 893 2213 singulis
907 2122 1006 2197 horis
1021 2122 1123 2196 afflu-

110 2227 211 2301 entia
223 2252 369 2301 suorum
380 2225 612 2314 augmentati,
620 2224 743 2299 tricies
750 2224 924 2311 majorem
932 2245 1121 2296 numerum

5 2345 6 2352 ³
109 2327 303 2401 habebant
350 2324 456 2399 Unde
485 2323 675 2399 debellatis
700 2321 865 2395 hostibus
890 2320 1010 2407 adepti
1036 2325 1122 2392 sunt

110 2425 348 2511 triumphum.
394 2423 515 2497 Casan
525 2446 609 2498 vero
621 2447 702 2495 oum
719 2446 756 2495 se
772 2421 950 2495 deviatum
964 2421 1121 2493 intuere-

5 2515 7 2594 ]
109 2531 183 2612 tur,
197 2547 279 2596 oum
293 2521 417 2609 pauoia
432 2521 478 2596 ad
488 2546 597 2596 naves
612 2511 766 2609 diffugit
777 2525 815 2594 et
828 2526 992 2593 tutamen
1008 2517 1120 2591 maris

110 2647 156 2696 ex
170 2630 255 2696 voto
264 2627 403 2708 nactus,
415 2620 640 2708 tempestivis
650 2621 760 2694 etiam
771 2619 889 2693 ventis
899 2616 1120 2690 instantibus

5 2807 6 2812 η
109 2721 192 2795 vela
207 2719 334 2808 erexit
356 2726 394 2793 et
416 2719 639 2793 Morinorum
653 2718 761 2792 littus
775 2717 915 2806 petivit,
936 2716 1119 2805 ingressus

5 2821 7 2870 ἵ
111 2826 169 2893 est
183 2817 310 2894 deinde
318 2817 450 2891 turrim
462 2818 650 2906 quandam,
662 2837 771 2904 qnam
784 2815 979 2902 inlouooui
989 2814 1120 2888 Odioea

111 2924 273 3005 vocatur,
299 2923 561 3008 construxerat,
587 2923 779 3005 antequam
799 2913 1025 2991 Britanniam
1045 2913 1121 2989 vioe

110 3017 179 3091 hae
195 3016 350 3092 secunda
364 3015 545 3091 adivisset.

294 3570 320 3614 a,
375 3513 544 3601 equando
558 3513 674 3600 primo
685 3513 788 3585 illum
800 3508 1009 3585 Britonibus
1019 3515 1122 3594 terga

235 3630 277 3703 4
300 3610 343 3707 ζ’
401 3607 1003 3686 Lucanustestatusestostendisse.
1015 3605 1122 3678 Hane

209 3679 383 3774 :ez-etp
401 3711 514 3801 igitur
529 3713 574 3784 ob
585 3736 740 3798 oausam,
754 3707 886 3782 turrim
897 3705 966 3778 sibi
980 3705 1017 3778 in
1027 3704 1123 3777 refu·

116 3818 212 3908 gium
229 3816 434 3901 aedificarat,
448 3817 491 3884 ut
504 3810 630 3883 rebeidi
644 3808 774 3897 populo
793 3805 960 3879 resistere
975 3802 1121 3875 valeret.

5 3913 6 3916 '
116 3915 408 3992 Oassibellaunus
421 3917 542 3986 autem
558 3908 709 3982 seeundo
719 3907 761 3980 de
772 3905 912 3979 Caesare
922 3902 1123 3989 triumpha

114 4015 179 4090 vit.
225 4014 344 4105 Quare
359 4011 516 4089 maximo
531 4007 659 4099 gaudio
674 4009 863 4093 fluctuans,
877 4001 985 4077 edioit
1000 4024 1121 4075 omues
