2848 4888
431 487 588 532 marorum
602 489 676 534 nnc.
691 489 847 537 numum.
863 491 894 535 x.
1098 476 1157 537 195

151 629 298 713 praedicti
327 631 488 716 gemitus:
526 635 604 718 quin
632 635 718 719 ipses
744 636 787 699 ad
817 635 1056 700 defendendum
1086 657 1157 701 sese

150 729 345 814 coegissent.
393 731 548 820 Hirelgas
560 754 640 819 ergo
654 755 755 818 nepos
769 734 911 799 Bedueri
923 735 1012 800 ultra
1025 736 1158 800 modum

149 829 191 892 ob
205 838 349 895 mortem
366 831 467 916 ipsius
488 842 677 909 commotus,
704 841 869 898 trecentos
887 855 1023 897 suorum
1037 835 1157 898 associ-

148 928 217 991 avit
233 928 308 1005 sibi,
332 937 366 995 et
384 931 475 995 velut
500 952 579 1016 aper
601 933 690 996 intra
706 941 848 997 turmam
874 954 1000 1009 canum,
1026 934 1073 998 sic
1098 955 1157 1018 per

147 1027 285 1093 hostiles
315 1036 463 1094 catervas
493 1031 601 1095 subito
632 1052 731 1095 cursu
761 1052 931 1116 equorum,
962 1032 1070 1097 locum
1100 1034 1157 1098 ubi

145 1126 306 1191 vexillum
332 1127 421 1214 regis
445 1127 624 1194 Medorum
653 1137 837 1214 aspexerat,
868 1130 1005 1213 petivit:
1039 1153 1156 1215 parum

147 1225 297 1311 cogitans
315 1227 396 1310 quid
419 1227 481 1292 sibi
501 1228 690 1314 contingere
708 1236 830 1312 posset,
855 1228 934 1292 dum
957 1232 1154 1294 avunculum

146 1344 245 1388 suum
256 1325 449 1392 vindicaret.
495 1326 646 1411 Adeptus
666 1328 799 1392 tandem
819 1327 926 1392 locum
941 1349 1036 1411 quem
1057 1330 1154 1394 affec-

145 1429 288 1500 taverat,
304 1424 497 1508 praedictum
515 1447 628 1510 regem
650 1426 799 1510 peremit,
822 1433 1090 1510 peremptumque
1112 1428 1155 1492 ad

146 1520 253 1586 socios
284 1543 361 1588 suos
391 1524 584 1608 deportavit,
616 1523 887 1608 deportatumque
911 1524 1010 1607 juxta
1035 1546 1153 1610 corpus

145 1620 324 1703 pincerna,
340 1623 471 1688 omnino
486 1622 664 1688 dilaniavit.
712 1621 843 1687 Deinde
856 1623 999 1686 maximo
1014 1623 1154 1689 clamore

145 1721 330 1786 concivium
354 1742 489 1786 suorum
512 1730 638 1787 turmas
664 1721 883 1796 inanimando,
909 1721 1103 1786 hortabatur
1118 1724 1153 1787 in

145 1817 258 1882 hostes
274 1819 412 1895 irruere,
436 1819 625 1903 crebrisque
639 1819 875 1903 irruptionibus
891 1819 1058 1896 infestare,
1074 1822 1152 1885 dum

145 1916 193 1981 eis
219 1917 329 1982 virtus
354 1927 503 1982 recenter
526 1918 686 1994 fervebat,
730 1919 808 1981 dum
837 1917 901 1982 illis
930 1918 1151 1984 formidolosis

145 2023 263 2099 pectus
284 2017 458 2093 tremebat,
482 2017 560 2081 dum
574 2017 723 2081 cominus
738 2016 956 2093 imminentes,
973 2018 1152 2101 sapientius

144 2135 246 2197 quam
262 2115 363 2179 ceteri
377 2137 437 2200 per
451 2123 600 2180 catervas
616 2115 766 2199 dispositi
780 2123 901 2189 essent,
922 2123 1022 2198 atque
1037 2117 1152 2180 crude-

143 2213 209 2277 lius
234 2213 391 2278 damnum
419 2214 571 2298 ingerere
594 2215 712 2298 sapius
736 2214 925 2278 valuissent.
973 2212 1150 2278 Inanimati

145 2311 248 2395 igitur
278 2312 462 2378 hortamine
491 2312 589 2388 illius,
620 2312 776 2396 impetum
801 2312 835 2375 in
863 2314 974 2376 hostes
1004 2312 1150 2396 undique

145 2410 316 2478 fecerunt:
340 2433 405 2496 quo
420 2411 562 2476 maxima
577 2417 704 2496 strages
719 2410 875 2496 utrinque
889 2411 978 2475 facta
991 2411 1065 2477 fuit.
1112 2411 1152 2475 In

145 2517 240 2593 parte
260 2530 399 2596 namque
426 2509 662 2586 Romanorum,
691 2509 835 2594 exceptis
861 2509 1150 2574 innumerabilibus

145 2607 227 2685 aliis,
251 2607 469 2673 Alifantinam
483 2628 544 2672 rex
566 2607 744 2691 Hispania,
765 2615 799 2672 et
820 2606 962 2692 Micipsa
977 2606 1151 2693 Babyloni-

145 2708 243 2784 ensis,
272 2707 418 2787 Quintus
447 2727 579 2792 quoque
609 2704 749 2771 Milvius
779 2714 813 2770 et
843 2705 975 2771 Marius
1005 2705 1148 2791 Lepidus

145 2815 314 2872 senatores
344 2807 575 2871 occubuerunt.
629 2804 836 2870 corruerunt
865 2806 964 2870 etiam
992 2806 1027 2869 in
1056 2813 1151 2889 parte

147 2905 336 2982 Britonum,
363 2904 529 2971 Holdinus
555 2925 615 2968 rex
639 2902 850 2969 Rutenorum
876 2912 910 2969 et
927 2904 1151 2991 Leodegarius

145 3003 374 3069 Boloniensis:
397 3011 466 3067 tres
481 3003 581 3067 etiam
601 3003 749 3066 consules
766 3002 956 3078 Britannia,
979 2998 1149 3068 Cursalem

146 3102 402 3168 Oaicestrensis:
435 3099 563 3177 Galluc,
590 3100 851 3177 salesberiensis,
877 3108 910 3166 et
937 3101 1149 3188 Urbgennius

145 3207 185 3272 de
217 3206 363 3271 Badone.
411 3204 508 3270 Unde
537 3213 655 3269 turmae
684 3226 766 3288 quas
797 3204 1030 3281 conducebant,
1060 3207 1149 3270 ultra

143 3304 279 3370 modum
294 3305 480 3381 debilitate,
497 3311 766 3380 retrocesserunt,
794 3303 896 3367 donec
920 3313 1081 3368 venerunt
1107 3305 1149 3370 ad

144 3405 248 3468 aciem
277 3404 569 3469 Armoricanorum
600 3402 786 3478 Britonum,
825 3422 923 3484 quam
957 3401 1084 3467 Hoelus
1115 3413 1148 3468 et

144 3501 339 3588 Walgainus
355 3503 522 3587 regebant.
571 3501 656 3581 Quae
670 3501 783 3584 itaque
796 3499 887 3564 velut
901 3500 1031 3565 flamma
1041 3502 1148 3587 ignes-

144 3622 231 3677 cens,
257 3602 415 3685 impetum
441 3601 520 3665 fecit
542 3601 577 3663 in
601 3600 724 3675 hostes,
752 3606 786 3663 et
809 3599 969 3663 revocatis
999 3600 1063 3665 illis
1092 3603 1148 3686 qui

142 3707 412 3775 retrocesserant,
429 3699 502 3762 illos
518 3699 574 3782 qui
589 3699 686 3781 paulo
701 3704 778 3761 ante
799 3697 1029 3780 sequebantur,
1052 3700 1147 3764 diffu-

143 3819 221 3884 gere
252 3797 368 3882 coegit.
423 3797 489 3861 Sed
518 3804 552 3860 et
580 3812 685 3878 usque
714 3795 899 3878 insequens,
937 3817 1024 3860 nunc
1060 3799 1147 3883 ipsos

144 3895 354 3980 diffugientes
379 3894 569 3979 prosternit,
597 3915 685 3957 nunc
709 3893 883 3957 interficit:
915 3915 975 3958 nec
1004 3905 1147 3983 stragem

143 3996 295 4081 ingerere
315 4002 430 4069 cessat,
457 3994 559 4057 donec
578 3992 621 4056 ad
646 4000 787 4056 turmam
808 3992 1015 4076 imperatoris
1038 3998 1147 4063 venit:

143 4094 199 4177 qui
214 4094 286 4158 visa
302 4093 485 4157 calamitate
501 4091 670 4165 sociorum,
692 4097 846 4174 properat
861 4091 939 4175 ipsis
959 4113 1148 4160 succursum

144 4200 312 4274 praestare.
687 4213 689 4221 ’

954 4294 1018 4354 02
