2848 4888
269 470 329 528 120
593 489 705 532 omna.
727 489 968 534 noanunransrs

267 631 473 715 rubeumque
487 651 592 715 usque
606 632 649 696 ad
664 633 905 698 extremitatem
926 634 1016 698 lacus
1030 633 1177 718 fugabat.
1225 630 1276 695 At

267 729 320 792 ills
336 751 410 793 cum
425 751 460 794 se
469 732 642 814 expulsum
658 732 826 808 doluisset,
839 732 996 817 impetum
1010 733 1089 797 fecit
1103 732 1137 795 in
1151 731 1275 806 album,

267 827 437 912 ipsumque
453 830 607 894 retroire
622 831 739 914 coligit.
786 828 871 914 Ipsis
888 851 967 916 ergo
982 831 1015 893 in
1036 831 1124 894 hunc
1138 828 1276 892 modum

267 927 500 1011 pugnantibus,
524 928 678 1012 pracepit
703 949 763 993 rex
784 929 960 993 Ambrosio
984 926 1129 993 Merlino
1153 928 1275 1002 dicere,

269 1025 348 1108 quid
377 1025 555 1090 draconum
579 1028 728 1111 praelium
757 1027 983 1111 portendebat.
1040 1025 1125 1090 Mox
1154 1026 1210 1089 ille
1239 1025 1277 1088 in

268 1122 382 1186 fletum
408 1144 592 1208 erumpens,
618 1125 770 1209 spiritum
795 1125 905 1188 hausit
930 1125 1121 1208 prophetiae,
1145 1132 1179 1188 et
1205 1123 1276 1188 ait:

269 1220 330 1286 Vae
357 1223 460 1287 rubeo
490 1224 633 1300 draconi,
658 1246 731 1288 nam
759 1225 830 1308 ejus
860 1224 1089 1288 exterminatio
1117 1224 1276 1289 festinat:

269 1342 423 1386 cavernas
439 1321 511 1404 ejus
527 1322 697 1406 occupavit
711 1323 805 1390 albus
822 1322 931 1397 draco,
948 1323 1005 1406 qui
1023 1321 1170 1387 Saxones
1190 1343 1277 1405 quos

269 1421 416 1485 invitasti
431 1421 602 1505 significat.
648 1420 786 1486 Rubeus
798 1442 876 1484 vero
891 1429 1022 1506 gentem
1035 1421 1186 1506 designat
1198 1420 1277 1485 Bri-

268 1520 399 1594 tannia,
411 1540 486 1603 quae
494 1521 535 1584 ab
544 1521 618 1584 albo
628 1520 838 1604 opprimetur.
886 1517 1021 1583 Montes
1036 1519 1145 1603 itaque
1155 1520 1226 1602 ejus
1235 1529 1278 1584 ut
1353 1561 1359 1572 ·

269 1618 1276 1704 vallesaequabuntur,etfluminavalliumsanguinemanabunt.

272 1714 389 1780 Cultus
400 1717 567 1803 religionis
577 1717 748 1794 delebitur,
761 1725 795 1781 ct
804 1716 1012 1794 ecclesiarum
1027 1717 1123 1780 ruina
1135 1718 1275 1800 patebit.

271 1812 467 1878 Praevalebit
496 1816 628 1879 tandem
654 1836 818 1900 oppressa,
850 1822 884 1878 et
920 1815 1052 1880 saevitiaa
1086 1823 1278 1879 exterorum

268 1913 410 1977 resistet.
456 1913 547 1997 Aper
557 1914 677 1978 etenim
694 1914 869 1979 Oornubiae
883 1935 1073 1980 succursum
1092 1913 1275 1999 prestabit,

269 2020 304 2076 at
325 2012 408 2077 colla
430 2032 543 2076 eorum
569 2014 630 2076 sub
653 2012 790 2097 pedibus
813 2013 880 2080 suis
896 2014 1106 2080 conculcabit.
1153 2012 1278 2078 Insulae

272 2109 397 2177 Oceani
418 2112 574 2194 potestati
589 2111 693 2194 ipsius
708 2111 899 2188 subdentur,
917 2121 951 2176 et
968 2112 1154 2179 Gallicanos
1170 2113 1276 2178 saltus

269 2209 459 2294 possidebit.
507 2208 650 2274 Timebit
666 2209 829 2276 Romulea
844 2210 959 2275 domus
974 2210 1078 2294 ipsius
1094 2210 1274 2275 saevitiam:

269 2315 303 2371 ot
318 2308 425 2372 exitus
441 2309 512 2391 ejus
525 2308 645 2372 dubius
657 2309 729 2372 erit.
777 2307 817 2371 ln
826 2329 882 2373 ore
891 2309 1086 2392 populorum
1098 2309 1275 2373 celebrabi-

269 2407 344 2471 tur:
368 2415 402 2470 et
412 2413 504 2471 actus
520 2407 591 2490 ejus
608 2407 698 2472 cibus
714 2407 778 2470 erit
792 2407 1013 2477 narrantibus,
1062 2407 1128 2470 Sex
1150 2407 1275 2490 posteri

270 2505 342 2590 ejus
373 2514 552 2590 sequentur
582 2515 770 2590 sceptrum:
808 2506 867 2576 sed
892 2513 968 2589 post
996 2505 1085 2589 ipsos
1116 2515 1276 2590 exsurget

272 2603 624 2675 Germanicusvermis.
672 2604 869 2674 sublimabit
878 2605 969 2669 illum
979 2625 1150 2688 aequoreus
1159 2606 1273 2688 lupus:

270 2725 368 2787 quem
391 2703 549 2770 Africana
568 2726 702 2774 nemora
724 2703 977 2785 comitabuntur.
1023 2701 1198 2768 Delebitur
1213 2705 1274 2776 ite-

270 2825 344 2866 rum
374 2804 497 2889 religio,
525 2811 558 2868 et
581 2803 817 2894 transmutatio
839 2803 1016 2886 primarum
1046 2803 1172 2867 sedium
1198 2805 1274 2871 crit.

271 2900 428 2986 Dignitas
453 2902 633 2972 Londoniae
659 2902 809 2966 adorabit
832 2899 1090 2966 Doroberniam:
1113 2909 1146 2964 et
1160 2909 1276 2984 pastor

271 2996 488 3064 Eboracensis
512 3001 666 3084 septimus
689 3000 723 3063 in
746 2998 918 3065 Armorico
933 3020 1036 3085 regno
1050 2999 1275 3084 frequentabi-

270 3105 336 3160 tur.
384 3096 540 3167 Menevia
568 3099 664 3182 pallio
693 3098 785 3164 urbis
816 3097 1001 3183 Legionum
1030 3097 1206 3163 induetur:
1242 3110 1277 3167 et

271 3196 464 3279 praedicator
478 3197 646 3262 Hiberniae
657 3205 792 3281 propter
803 3197 962 3260 infantem
973 3196 1008 3259 in
1017 3205 1113 3262 utero
1128 3219 1276 3271 crescen.
1375 3196 1379 3201 ’

269 3301 338 3358 tem
368 3297 580 3360 obmutescet.
627 3294 725 3360 Pluet
752 3295 949 3380 sanguineus
978 3295 1104 3360 imber:
1139 3305 1173 3360 et
1203 3297 1277 3362 dira

271 3391 375 3462 fames
390 3394 545 3458 mortales
565 3393 693 3458 afficiet.
740 3391 804 3457 His
828 3393 1129 3476 supervenientibus
1152 3394 1278 3460 dolebit

271 3491 414 3557 rubeus:
439 3491 496 3559 scd
512 3511 640 3555 emenso
649 3490 761 3554 labore
772 3490 905 3576 vigebit.
954 3490 1048 3555 Tunc
1056 3491 1276 3555 infortunium

271 3589 337 3654 albi
359 3589 537 3665 festinabit,
562 3597 596 3654 et
615 3587 742 3659 edificia
762 3589 970 3658 hortulorum
994 3590 1065 3672 ejus
1088 3591 1273 3660 diruentur.

273 3688 406 3772 Septem
422 3687 613 3774 sceptrigeri
627 3687 839 3771 perimentur,
852 3695 886 3755 et
901 3709 985 3758 unus
1001 3710 1114 3752 eorum
1130 3689 1276 3754 sanctifi-

272 3788 408 3858 cabitur.
456 3785 596 3854 Ventres
622 3794 765 3857 matrum
790 3786 1040 3862 truncabuntur,
1069 3796 1102 3851 et
1131 3787 1277 3854 infantes

271 3871 411 3952 abortivi
427 3894 533 3954 erunt.
581 3883 657 3947 Erit
678 3884 794 3969 ingens
821 3883 1013 3968 supplicium
1027 3886 1215 3950 hominum:
1238 3895 1278 3951 nt

271 3985 433 4071 indigenae
448 3985 675 4048 restituantur.
723 3982 791 4063 Qui
811 3983 909 4049 faciet
923 3985 1001 4060 haec,
1019 4006 1145 4050 aeneum
1165 3986 1277 4052 virum

270 4082 394 4157 induet,
408 4090 442 4147 et
452 4103 511 4167 per
521 4082 625 4146 multa
639 4090 787 4167 tempora
803 4103 900 4168 snper
916 4103 1042 4153 aeneum
1052 4104 1168 4168 equum
1184 4084 1275 4149 Lon-

272 4181 376 4252 doniac
391 4189 503 4269 portas
520 4182 671 4254 servabit.
725 4180 812 4252 Exin
827 4182 862 4247 in
876 4182 1026 4271 proprios
1041 4204 1148 4249 mores
1163 4204 1276 4255 reverq
