2848 4888
409 495 565 550 maroam
580 497 653 542 aaa.
668 497 750 542 narr.
766 497 828 542 nra.
843 498 898 542 vn.
1103 481 1162 540 121

151 643 243 698 tetur
267 637 395 702 rubeus
422 639 539 704 draco:
563 648 597 705 et
619 641 654 705 in
676 661 712 706 se
727 642 835 726 ipsum
861 641 976 706 savire
990 641 1162 706 laborabit.

154 734 377 819 superveniet
402 737 515 822 itaque
543 739 624 804 ultio
653 740 820 804 tonantia:
849 740 928 825 quia
949 761 1062 805 omnes
1085 760 1165 824 ager

150 837 284 901 colonos
301 835 451 920 decipiet.
496 836 645 922 Arripiet
659 839 843 904 mortalitas
865 839 1043 924 populum:
1066 860 1164 904 cunc-

153 941 272 1018 tasque
307 935 458 1000 nationes
496 935 676 1002 evacuabit.
737 936 877 1002 Residui
913 938 1023 1002 natale
1060 939 1165 1002 solum

153 1033 320 1110 deserent,
337 1043 372 1098 et
393 1042 524 1100 exteras
548 1036 695 1101 culturas
711 1036 929 1101 seminabunt.
976 1035 1052 1100 Rex
1065 1037 1166 1101 bene-

157 1131 263 1196 dictus
278 1133 410 1217 parabit
420 1134 599 1220 navigium,
609 1143 644 1199 et
654 1135 689 1198 in
703 1135 779 1199 aula
789 1134 877 1200 inter
887 1135 1002 1200 beatos
1014 1135 1166 1200 duodeci·

156 1251 230 1294 mus
245 1230 528 1298 annumerabitur.
574 1231 651 1297 Erit
668 1232 854 1297 miseranda
876 1231 971 1318 regni
996 1233 1165 1309 desolatio,

158 1336 194 1393 et
207 1350 292 1394 area
307 1330 464 1394 messium
475 1331 510 1394 in
523 1330 713 1396 fructuosos
729 1332 832 1396 saltus
846 1331 1011 1396 redibunt.
1057 1330 1172 1395 azur.»

158 1435 216 1513 get
229 1427 353 1492 iterum
376 1428 470 1492 albus
493 1428 601 1504 draco,
617 1436 652 1494 ot
670 1429 771 1492 filiam
793 1429 978 1494 Germaniae
1003 1429 1165 1494 invitabit.

79 1567 85 1578 ·
160 1526 392 1611 Replebuntur
407 1526 529 1593 iterum
542 1526 667 1591 hortuli
681 1528 786 1594 nostri
806 1529 912 1593 alieno
927 1527 1061 1605 semine,
1077 1535 1111 1592 et
1131 1526 1168 1590 in

160 1625 368 1690 extremitate
378 1625 487 1710 stagni
497 1625 664 1710 languebit
678 1625 811 1691 rubeus.
859 1624 947 1690 Exin
958 1624 1168 1692 coronabitur

163 1721 377 1787 Germanicus
406 1724 538 1800 vermis,
570 1733 604 1788 et
637 1745 746 1790 aeneus
779 1724 931 1809 princeps
964 1724 1166 1790 humabitur.

163 1820 339 1885 Terminus
361 1822 408 1885 illi
429 1822 557 1907 positus
583 1830 643 1898 est,
660 1844 756 1908 quem
780 1823 985 1888 transvolare
1007 1821 1167 1907 nequibit.

163 1919 308 1984 (lentum
322 1942 464 2006 namque
478 1930 513 1985 et
527 1921 767 2007 quinquaginta
781 1921 876 1986 annis
894 1921 929 1986 in
943 1920 1170 2006 inquietudine

160 2026 195 2082 et
210 2019 414 2102 subjectione
428 2020 592 2084 manebit:
615 2019 771 2085 trecentis
787 2040 865 2084 vero
876 2019 1042 2085 insidebit.
1074 2018 1170 2086 Tunc

160 2125 319 2202 exsurget
333 2117 368 2180 in
383 2118 476 2182 illum
497 2117 613 2202 aquilo,
630 2126 665 2183 et
688 2117 786 2184 flores
810 2139 893 2203 quos
909 2119 1071 2204 zephyrus
1093 2139 1171 2202 pro·

159 2216 285 2280 creavit
300 2216 429 2300 eripiet.
476 2215 552 2280 Erit
567 2216 738 2281 deauratio
753 2217 788 2281 in
801 2217 944 2301 templis,
956 2237 1016 2282 nec
1031 2236 1170 2282 acumen

160 2313 346 2399 gladiorum
361 2314 511 2380 cessabit.
557 2313 624 2378 Vix
639 2313 801 2379 obtinebit
822 2335 977 2380 cavernas
993 2335 1069 2379 suas
1086 2313 1170 2379 Ger-

160 2413 309 2478 manicus
321 2413 440 2477 draco:
463 2413 541 2498 quia
554 2403 637 2476 ultio
651 2413 846 2497 proditionis
861 2415 933 2498 ejus
949 2413 1169 2498 superveniet.

161 2511 299 2598 Vigebit
328 2511 461 2576 tandem
489 2511 676 2596 paulisper:
712 2511 771 2576 sed
800 2512 971 2577 decimatio
1006 2511 1169 2578 Neustriae

160 2613 303 2678 nocebit.
350 2610 496 2696 Populus
517 2632 659 2695 namque
680 2611 715 2674 in
736 2611 826 2697 ligno
852 2619 886 2676 et
911 2612 1028 2677 ferreis
1050 2612 1170 2678 tunicis

163 2711 384 2794 superveniet,
408 2710 465 2794 qui
490 2709 667 2774 vindictam
694 2709 734 2773 de
759 2710 907 2794 nequitia
925 2710 1028 2795 ipsius
1051 2717 1170 2776 sumet.

164 2808 382 2874 Restaurabit
396 2807 544 2893 pristinis
559 2808 672 2872 incolis
682 2807 885 2873 mansiones:
909 2808 1048 2872 etmina
1058 2807 1170 2872 alieni-

163 2929 325 2994 genarum
350 2907 485 2991 patebit.
533 2906 679 2972 German
704 2907 769 2972 albi
795 2907 946 2972 draconis
966 2929 1006 2973 ex
1029 2909 1171 2973 hortulis

163 3007 287 3073 nostris
303 3005 490 3080 abradetur,
502 3015 536 3070 et
550 3005 695 3089 reliquia
709 3006 930 3090 generationis
946 3007 1017 3090 ejus
1033 3006 1171 3071 decima·

165 3108 303 3172 buntur.
350 3105 475 3189 Jugnm
498 3104 667 3169 servitutis
692 3103 820 3172 ferent:
848 3113 1055 3190 matremque
1078 3127 1172 3172 suam

164 3205 330 3291 ligonibus
347 3211 380 3268 et
402 3203 521 3267 aratris
536 3203 765 3268 vulnerabunt.
815 3202 997 3269 Succedent
1012 3205 1077 3269 duo
1097 3205 1172 3269 dra-

166 3323 275 3379 cones,
292 3323 434 3386 quorum
448 3302 531 3366 alter
546 3301 676 3366 invidia
692 3301 817 3384 spiculo
831 3301 1065 3369 suffocabitur:
1088 3305 1173 3368 alter

165 3424 244 3469 vero
257 3402 320 3467 sub
334 3403 452 3466 umbra
461 3402 602 3465 nominis
614 3401 744 3465 redibit.
788 3399 954 3465 Succedet
963 3401 1015 3466 leo
1022 3402 1171 3486 justitia,

166 3501 208 3567 ad
222 3501 319 3585 cujus
334 3500 481 3586 rugitum
498 3499 673 3564 Gallicana
687 3507 798 3563 turres
813 3507 846 3564 et
860 3499 1002 3564 insulani
1017 3500 1174 3565 dracones

166 3608 342 3668 tremeunt.
395 3597 435 3661 In
465 3598 580 3662 diebus
605 3597 670 3661 illis
699 3619 817 3661 aurum
843 3619 884 3663 ex
907 3598 975 3663 lilio
1005 3607 1039 3663 et
1068 3599 1175 3663 urtica

168 3697 431 3783 extorquebitur,
462 3705 496 3762 et
524 3703 698 3782 argentum
728 3717 769 3760 ex
798 3695 930 3782 ungulis
958 3697 1175 3783 mugientium

132 3793 137 3798 ’
168 3797 324 3862 manabit.
372 3795 593 3860 Calamistrati
615 3794 707 3860 varia
721 3794 842 3858 vellera
855 3793 1006 3870 vestient,
1029 3804 1062 3859 et
1085 3805 1175 3861 exte.

168 3895 236 3960 rior
273 3893 406 3958 habitus
444 3893 602 3958 interiora
638 3891 791 3977 signabit.
841 3890 948 3957 Pedes
984 3892 1175 3958 labantium

169 3995 421 4059 truncabuntur.
469 3991 589 4057 Pacem
616 3991 785 4055 habebunt
809 3989 909 4056 ferse:
933 3997 967 4054 et
990 3991 1175 4058 humanitas

171 4092 365 4177 supplicium
380 4091 510 4157 delebit.
558 4089 718 4155 Findetur
733 4090 841 4154 forma
858 4089 1060 4154 commercii:
1083 4091 1176 4155 dimi.

172 4191 262 4262 dium
284 4190 466 4272 rotundum
490 4190 563 4257 erit.
611 4187 739 4256 Peribit
762 4188 939 4256 miluorum
953 4187 1126 4272 rapacitas,
1143 4195 1176 4256 et
