2862 4870
423 479 579 524 merorum
594 479 666 522 nne.
682 479 763 523 narr.
780 480 842 524 nm.
1094 467 1133 525 13

128 619 170 686 Et
191 633 230 688 ut
250 625 436 691 securiores
453 624 536 700 sitis,
563 623 730 688 vobiscum
755 624 850 708 quasi
873 624 969 689 obses
994 628 1133 692 manebo

126 721 201 784 dum
217 725 328 788 omnia
347 723 527 807 perfecero.
574 721 799 787 Conventione
813 723 925 808 itaque
939 724 1037 800 facta,
1054 725 1133 790 diri-

123 830 245 904 grmtur
275 823 378 908 legati
404 843 463 905 per
488 821 643 885 universa
673 821 808 887 Graeciae
837 823 951 888 littora
980 824 1133 910 colligere

125 941 232 986 naves,
281 921 365 1000 Quae
389 928 428 984 ut
454 921 594 984 collectae
619 920 765 997 fuerunt,
781 929 935 986 trecentae
959 931 993 986 et
1016 923 1133 1008 viginti

126 1027 268 1102 quatuor
279 1041 428 1093 numero,
440 1027 690 1103 praesentantur,
701 1020 790 1082 omni
797 1021 927 1105 generis
941 1019 1040 1084 farris
1056 1044 1132 1086 one-

124 1127 261 1184 rantur:
284 1119 353 1182 filia
368 1117 476 1182 Bruto
487 1118 682 1194 maritatur3
706 1126 740 1182 et
750 1120 899 1203 quisque,
912 1129 1012 1203 prout
1027 1121 1132 1206 digni-

123 1225 173 1280 tas
203 1219 391 1302 expetebat,
422 1238 503 1281 auro
533 1226 567 1280 et
596 1225 733 1302 argento
769 1217 921 1282 donatur.
983 1217 1132 1284 Peractis

125 1315 227 1401 igitur
242 1317 381 1392 cunctiS,
393 1337 456 1378 rex
471 1315 586 1379 libera
596 1336 727 1380 carcere
750 1315 950 1381 dimittitur:
975 1315 1080 1381 Troes
1091 1319 1133 1382 ab

123 1416 193 1499 ejus
209 1423 379 1500 potestate
391 1413 542 1478 secundis
553 1414 661 1477 ventis
671 1414 862 1479 abscedunt.
909 1412 958 1477 At
968 1413 1134 1502 lgnogein

128 1516 256 1578 excelsa
271 1513 372 1598 puppi
395 1507 497 1587 stans,
514 1512 631 1596 saepius
655 1512 741 1578 inter
766 1511 866 1576 Bruti
879 1513 1015 1578 brachia
1027 1515 1063 1578 in
1078 1538 1134 1580 ex-

126 1613 189 1677 tasi
205 1613 390 1687 collabitur,
405 1610 554 1695 fusisque
569 1632 643 1674 cum
654 1611 801 1696 singultu
815 1611 966 1696 lacrymis
981 1620 1134 1697 parentes

126 1721 158 1776 et
171 1713 316 1796 patriam
331 1712 484 1775 deserere
499 1710 730 1793 conqueritur:
754 1731 814 1774 nec
840 1711 951 1775 oculos
976 1733 997 1776 a
1021 1712 1134 1777 littore

128 1812 259 1886 avertit,
288 1811 367 1873 dum
389 1809 504 1874 littora
526 1808 628 1872 oculis
645 1816 834 1892 patuerunt.
881 1807 991 1888 Quam
1007 1809 1135 1875 Brutus

129 1909 297 1975 blanditiis
306 1908 472 1993 mitigans
488 1928 575 1970 nunc
590 1907 700 1972 dulces
716 1908 907 1991 amplexus:
930 1929 1017 1972 nunc
1028 1909 1136 1973 dulcia

129 2010 220 2074 basia
234 2007 391 2081 innectit3
415 2027 475 2069 neo
490 2005 602 2088 coeptis
617 2005 685 2069 suis
702 2006 841 2083 desistit,
858 2006 960 2071 donec
968 2006 1049 2070 fletu
1059 2006 1135 2070 fati-

129 2118 206 2194 gata
235 2105 348 2191 sopori
377 2103 593 2168 submittitur.
640 2102 732 2169 Inter
754 2105 823 2168 heac
847 2113 882 2169 et
906 2104 980 2181 alia,
1009 2105 1136 2169 duobus

132 2207 246 2271 diebus
267 2213 301 2268 et
327 2225 394 2267 una
407 2211 503 2267 nocte
522 2223 680 2286 prospero
699 2211 873 2267 ventorum
895 2203 977 2267 flatu
1002 2224 1136 2267 concur-

130 2313 258 2380 rerunt,
275 2302 567 2387 applicueruntque
586 2301 621 2364 in
641 2302 805 2386 quandam
823 2302 973 2378 insulam,
989 2309 1137 2366 vocatam

134 2402 340 2490 Leogeoiam,
366 2420 438 2484 qua
467 2399 650 2483 antiquitus
673 2400 715 2464 ab
741 2399 927 2464 incursione
955 2400 1138 2484 piratarum

132 2503 334 2575 vastabatur,
359 2519 380 2562 a
408 2497 538 2562 nemine
566 2497 838 2562 inhabitabatur..
877 2497 917 2561 ln
946 2498 1035 2562 illam
1059 2519 1138 2583 ergo

133 2601 260 2666 Brutus
283 2597 374 2661 misit
392 2603 557 2660 trecentos
580 2604 725 2660 armatos
753 2597 797 2661 ad
822 2595 1057 2680 explorandum
1081 2599 1139 2681 qui

132 2721 202 2764 eam
216 2697 449 2763 inhabitarent.
496 2693 564 2774 Qui
578 2694 741 2758 neminem
759 2695 971 2779 reperientes,
987 2694 1075 2759 faras
1091 2697 1139 2760 di·

131 2798 218 2864 versi
248 2795 379 2882 generis
405 2795 493 2859 intra
523 2795 625 2858 saltus
651 2801 686 2858 et
714 2813 849 2858 nemora
876 2794 1026 2860 inventas
1052 2796 1140 2861 caede

133 2897 298 2962 afficiunt:
322 2898 548 2976 veneruntque
557 2891 599 2956 ad
615 2892 778 2976 quandam
790 2891 954 2957 civitatem
964 2893 1138 2971 desertam,

133 2996 167 3058 in
181 3016 248 3079 qua
262 2993 422 3075 templum
437 2989 554 3055 Dianae
577 2998 782 3074 repererunt.
829 2989 869 3054 In
891 2992 1007 3056 eodem
1031 2992 1139 3079 imago

135 3094 214 3158 Deae
228 3113 387 3176 responsa
398 3090 507 3165 dabat,
519 3089 547 3152 si
557 3088 645 3154 forte
655 3090 697 3153 ab
706 3089 815 3174 aliquo
823 3097 1003 3174 peteretur.
1051 3089 1140 3155 One-

133 3187 1139 3272 ratitandemrepertavenationerevertunturadnavessuas:

136 3292 316 3377 patriaeque
336 3295 370 3351 et
390 3287 490 3350 situm
514 3293 548 3349 et
570 3284 737 3350 civitatem
761 3286 920 3352 consociis
944 3288 1139 3372 pradicant:

137 3395 317 3476 suggerunt
335 3385 410 3449 duci
434 3383 593 3467 templum
619 3382 721 3459 adire,
748 3392 848 3468 atquc
870 3385 974 3450 litatis
1001 3387 1094 3450 donis
1121 3407 1141 3450 a

138 3486 269 3550 numine
283 3481 346 3548 loci
358 3482 534 3566 inquirere,
551 3501 622 3564 quae
632 3481 795 3565 patriaeis
811 3482 922 3546 sedem
937 3492 1034 3547 certa
1049 3505 1140 3547 man-

141 3586 240 3650 sionis
261 3583 432 3667 praeberet.
491 3580 804 3664 Oommunioatoque
825 3582 971 3646 omniurn
992 3605 1139 3661 assensu,

139 3682 317 3766 assumpsit
327 3702 437 3745 secum
450 3679 578 3744 Brutus
591 3677 769 3743 Gerionem
781 3701 951 3766 augurem,
969 3689 1002 3745 et
1018 3683 1140 3748 duode-

137 3781 199 3844 cim
206 3781 349 3863 majores
358 3788 455 3843 natu:
470 3777 650 3862 petivitque
658 3777 817 3862 templum
826 3799 900 3842 oum
910 3780 1059 3845 omnibus
1069 3801 1141 3864 qua

138 3880 180 3944 ad
201 3877 396 3944 sacrificium
409 3876 595 3941 necessaria
606 3884 710 3941 erant.
758 3875 835 3954 Quo
857 3878 914 3941 ubi
929 3887 1063 3944 ventum
1079 3889 1139 3956 est,

139 3977 330 4042 circumdati
358 3986 508 4060 tempora
533 3975 625 4041 vittis
640 3982 717 4039 ante
731 3974 867 4059 adytum
881 3978 1058 4043 veterrimo
1073 3980 1142 4044 ritu

138 4077 244 4141 tribus
269 4076 356 4152 Diis,
383 4076 458 4140 Jovi
486 4074 647 4149 videlicet,
678 4081 712 4137 et
742 4071 923 4151 Mercurio,
954 4097 1013 4140 neo
1028 4099 1094 4142 non
1109 4087 1143 4142 et

140 4174 254 4240 Dianae
269 4183 338 4240 tres
353 4175 444 4240 focos
459 4181 668 4239 statuerunt:
693 4171 830 4257 singulis
846 4175 975 4260 singula
987 4176 1143 4240 libamina
