2848 4888
387 427 546 492 msioma
567 447 640 492 ane.
662 449 745 493 anm.
767 449 828 494 uss.
851 447 895 493 11.
1098 431 1139 494 99

4 583 6 680 ξ
129 587 249 654 Habeo
279 609 425 674 namque
455 594 628 676 quemdam
657 592 795 658 framem
824 591 980 676 predicto
1009 591 1137 657 nomine

4 693 6 698 “
128 695 294 764 vocatum,
310 689 369 772 qui
393 690 428 752 in
451 691 569 756 militia
595 691 778 775 ceterisque
792 691 1010 775 probitatibus
1025 691 1137 778 viget:

4 841 6 868 ἱ
125 784 223 849 illum
237 787 297 852 tibi
313 809 386 852 cum
407 789 546 872 prefato
569 810 707 853 numero
729 789 932 854 committere
954 811 1019 852 non
1042 790 1137 854 diffu-

125 883 229 970 giam,
240 885 269 948 si
279 886 387 968 placet
396 895 434 950 ut
442 887 628 970 recipiatur.
675 885 763 950 Nam
779 886 819 950 de
834 887 983 971 ampliori
997 888 1138 952 militum

125 1005 269 1047 numero
292 984 468 1047 tacendum
494 1007 619 1060 censeo,
645 1006 719 1047 cum
745 984 916 1048 Gallorum
945 985 1138 1069 inquietudo

127 1081 280 1166 quotidie
302 1082 504 1146 immineat.”
550 1083 616 1146 Vix
638 1083 736 1146 finem
759 1083 887 1147 dicendi
905 1084 1040 1160 fecerat,
1064 1107 1139 1148 oum

4 1185 6 1262 1
127 1189 245 1267 grates
259 1181 328 1265 egit
343 1181 374 1245 ei
388 1180 670 1265 Arcbiepiscopus,
684 1190 863 1265 vocatoque
880 1181 1097 1246 Constantino
1108 1184 1139 1248 ei

126 1279 168 1343 in
183 1281 252 1343 haec
260 1280 361 1343 verba
370 1280 501 1344 arrisit:
527 1288 546 1315 “
559 1280 712 1344 Christus
723 1281 844 1344 vincit:
870 1280 1023 1344 Christus
1038 1282 1139 1365 impe-

127 1387 205 1442 rat:
237 1386 354 1463 regnat
378 1378 541 1442 Christus.
587 1378 672 1442 Ecce
696 1400 754 1442 rex
782 1373 963 1442 Britannias
990 1380 1136 1445 desertae.

128 1477 235 1542 Adsit
248 1477 346 1540 modo
370 1475 539 1540 Christus:
563 1498 636 1540 ecce
651 1477 808 1540 defensio·
819 1485 952 1541 nostra:
976 1499 1050 1540 ecoe
1065 1499 1139 1561 spes

128 1584 257 1650 nostra,
274 1584 308 1640 et
322 1575 511 1660 gaudium?
559 1575 650 1654 Quid
664 1573 788 1658 plura?
832 1574 964 1640 Paratis
979 1577 1014 1639 in
1027 1577 1140 1641 littore

129 1675 284 1749 navibus
301 1674 468 1758 eligrmtur
480 1695 520 1738 ex
537 1674 674 1738 diversis
689 1675 783 1759 regni
798 1676 947 1758 partibus
958 1674 1088 1751 milites,
1106 1683 1140 1738 et

91 1829 93 1832 .
134 1772 338 1837 Guethelino
353 1772 540 1834 traduntur.

188 2080 252 2160 15.
275 2097 514 2153 consistermus,
535 2098 598 2140 anx
619 2097 797 2141 sammmn
818 2099 943 2154 morus,
965 2099 985 2141 n
1005 2097 1096 2143 moro

371 2217 500 2270 uuonan
521 2215 645 2259 amona
667 2217 898 2260 mrnamcrrna.

331 2396 386 2435 -.,μ
439 2353 616 2434 UMQUE
645 2354 754 2418 omnia
781 2364 896 2439 parata
918 2353 1068 2429 fuissent,
1094 2353 1142 2416 in·

231 2470 266 2527 2',
358 2456 370 2459 ἡ
436 2453 543 2538 gressi
554 2462 631 2517 sunt
640 2474 749 2517 mare:
772 2460 872 2537 atque
882 2453 916 2516 in
930 2451 1143 2536 Totonesium

144 2577 152 2606 1
278 2566 301 2582 ·
371 2536 390 2641 ij
437 2559 569 2635 portum
580 2552 817 2636 applicuerunt.
864 2550 936 2615 Neo
944 2572 1037 2614 mora
1048 2550 1143 2614 colle-

176 2718 186 2741 ξ
236 2688 270 2747 aa?
302 2675 360 2789 ,gp
382 2638 397 2679 7
437 2659 558 2736 gerunt
573 2650 953 2738 reliquam-juventutem
968 2650 1093 2725 insula,
1110 2656 1145 2714 et

155 2724 221 2821 til
246 2740 304 2833 lita
331 2741 393 2829 ἕ
439 2771 513 2812 oum
530 2749 679 2812 hostibus
703 2750 878 2834 congressi,
893 2748 1064 2812 victoriam
1085 2767 1145 2830 per

150 2794 269 2893 iffi<
351 2840 401 2897 a*
437 2848 589 2912 meritum
606 2849 695 2912 beati
710 2848 773 2912 viri
788 2848 898 2932 adepti
921 2856 1008 2912 sunt.
1056 2845 1144 2910 Exin

136 2948 363 3013 confluxerunt
385 2946 529 3029 undique
552 2946 707 3013 Britones
722 2949 813 3033 prius
836 2948 985 3031 dispersi,
1002 2954 1036 3011 et
1057 2945 1145 3010 facta

138 3049 228 3112 intra
244 3046 446 3110 Silcestriam
461 3046 623 3122 concione,
641 3057 818 3112 erexerunt
834 3046 1087 3112 Constantinum
1109 3045 1144 3108 in

139 3168 261 3232 regem,
293 3145 451 3229 regnique
486 3146 635 3210 diadema
669 3146 768 3230 capiti
798 3147 869 3230 ejus
904 3147 1141 3231 imposuerunt.

140 3243 317 3309 Dederunt
341 3244 440 3307 etiam
463 3245 494 3308 ci
520 3245 701 3330 conjugem,
728 3267 768 3308 cx
792 3245 893 3309 nobili
921 3245 1144 3308 Romanorum

140 3365 261 3430 genera
273 3350 390 3416 ortam,
401 3365 498 3426 quam
512 3342 730 3408 Guethelinus
742 3344 1015 3428 Archiepisccpus
1028 3343 1144 3407 educa-

139 3450 253 3506 verat:
278 3461 417 3523 cumquc
438 3441 527 3504 illam
553 3443 768 3527 cognovisset,
793 3443 907 3527 genuit
931 3464 972 3505 ex
996 3442 1051 3505 illa
1076 3448 1145 3504 tres
1243 3503 1246 3508 ⁴

140 3541 245 3604 filios:
281 3561 421 3623 quorum
451 3541 581 3603 nomina
610 3541 755 3614 fuerunt,
787 3540 960 3616 Constans
992 3539 1146 3603 Aurelius

143 3637 350 3712 Ambrosius,
386 3646 419 3702 et
454 3637 762 3724 Uthcrpendragon.
824 3638 1038 3702 Constantem
1067 3659 1146 3702 vero

143 3737 398 3822 primogenitum
423 3738 561 3801 tradidit
584 3738 619 3800 in
645 3737 813 3801 ecclesiam
842 3735 1030 3822 Amphibali
1059 3738 1147 3802 intra

146 3836 371 3911 Guintcniam,
388 3845 426 3900 ut
441 3836 659 3901 monachalem
676 3837 823 3901 ordinem
846 3837 1036 3920 susciperet.
1084 3837 1147 3902 Oe-

144 3946 234 4000 teros
245 3944 354 4004 autem
367 3935 458 4010 duca,
471 3933 645 3999 Aurelium
656 3936 806 3999 videlicet
818 3944 852 4000 et
868 3935 986 4014 Uther,
1001 3935 1147 4017 Guethe-

146 4035 212 4097 lino
233 4033 426 4097 nutriendos
438 4033 615 4104 ,commisit
662 4033 835 4097 Postremo
858 4056 932 4098 oum
947 4034 1057 4098 decem
1073 4036 1150 4099 anni

146 4133 379 4217 praeterissent,
394 4133 484 4196 venit
500 4132 631 4214 quidam
648 4131 773 4207 Pictus,
790 4133 891 4215 quiin
908 4134 1063 4215 obsequio
1079 4134 1150 4216 ejus

955 4252 977 4293 11
1002 4233 1022 4294 2
