2848 4888
399 442 736 488 sinemurensem.
751 443 895 489 imvm.
1101 427 1156 488 13]

143 605 266 650 eorum
291 587 484 672 prodidisti:
521 597 556 653 et
593 587 741 654 Saxones
770 587 805 652 in
833 587 974 654 insulam
1003 588 1159 654 invitasti.

144 682 306 749 Invitasti
321 706 378 750 eos
398 685 460 751 tibi
479 685 514 749 in
533 685 743 771 presidium:
766 686 826 751 sed
847 694 1107 770 supervenerunt
1126 687 1162 750 in

142 789 247 847 tuum
262 784 468 868 supplicium.
515 783 692 849 Imminent
706 784 768 848 tibi
788 784 853 849 duo
868 785 1006 852 funera:
1029 807 1089 850 nec
1109 794 1160 851 est

142 890 350 966 promptum,
371 891 485 946 utrum
503 883 596 967 prius
615 882 745 947 vitabis.
794 882 883 947 Hinc
907 884 994 948 enim
1019 905 1158 970 regnum

143 987 248 1044 tuum
274 982 492 1046 devastabunt
519 980 676 1056 Saxones,
704 989 738 1045 et
767 980 833 1045 leto
862 989 921 1046 tuo
947 981 1158 1047 incumbente

142 1080 228 1145 hinc
239 1089 349 1145 autem
363 1079 572 1164 applicabunt
586 1080 651 1144 duo
668 1079 800 1154 fratres,
813 1078 967 1144 Aurelius
983 1088 1018 1144 et
1033 1074 1158 1144 Utber·

143 1179 353 1262 pendragon,
384 1178 442 1261 qui
470 1185 611 1242 mortem
639 1177 743 1261 patris
773 1177 824 1240 sui
860 1177 895 1240 in
920 1185 956 1242 te
992 1177 1158 1242 vindicare

144 1278 310 1342 nitentur.
357 1276 479 1355 Quare
493 1276 554 1340 tibi
570 1275 740 1361 diffugium
756 1276 784 1340 si
798 1276 941 1359 poteris:
965 1297 1036 1340 eras
1058 1275 1158 1340 Toto·

144 1376 279 1440 nesium
293 1375 387 1440 littus
400 1375 571 1444 tenebunt.
619 1372 800 1438 Rubebunt
816 1374 974 1459 sanguine
992 1373 1157 1439 Saxonum

145 1474 272 1538 facies:
310 1482 344 1537 et
372 1472 546 1536 interfecto
578 1471 743 1557 Hengisto
772 1469 930 1536 Aurelius
960 1470 1156 1536 Ambrosius

146 1572 371 1637 coronabitur.
419 1569 608 1634 Pacificabit
633 1570 801 1634 nationes:
832 1570 1033 1634 restaurabit
1057 1570 1158 1636 ecole-
1261 1637 1265 1643 .

148 1673 240 1738 sias:
264 1672 457 1736 sedveneno
470 1669 608 1734 deficiet.
656 1669 818 1733 Suocedet
833 1669 863 1734 ei
883 1691 1058 1754 germanus
1078 1689 1158 1733 snus

149 1769 474 1854 Utherpendragon:
512 1767 606 1852 eujus
632 1768 701 1832 dies
731 1768 991 1852 anticipabuuter
1020 1787 1155 1832 veneno.

148 1868 307 1933 Adurunt
324 1866 623 1949 tantaeproditioni
642 1867 767 1951 posteri
792 1867 853 1942 tui,
881 1887 961 1950 quos
980 1887 1059 1950 aper
1076 1865 1158 1930 (lor-

147 1967 260 2030 nubioe
275 1964 454 2030 devorabit.
500 1962 572 2028 Nec
586 1985 689 2040 mora,
706 1987 781 2029 cum
796 1965 939 2029 crastina
953 1965 1023 2029 dies
1037 1963 1157 2039 illuxit,

148 2064 307 2149 applicuit
321 2062 478 2126 Aurelius
493 2061 689 2127 Ambrosius
700 2084 775 2127 cum
789 2083 946 2149 germano
961 2083 1032 2139 suo,
1048 2061 1159 2126 decem

147 2164 285 2228 milibus
298 2162 440 2226 militum
455 2161 638 2226 comitatus.

149 2413 397 2498 §2.lusnn1us
422 2429 609 2486 annuemus,
636 2429 901 2474 sursumsunt
926 2428 1051 2486 morus,
1080 2429 1159 2473 voa·

354 2535 518 2578 rnomnuu
538 2535 696 2580 onsnssun
717 2536 793 2579 mun
814 2535 956 2578 rnnrnrr.

159 2690 216 2741 <ff-²
264 2671 419 2743 {oaldi-f
455 2647 633 2714 UMORE
648 2647 761 2732 itaque
775 2648 936 2714 adventus
945 2647 1048 2732 ipsius
1058 2647 1160 2713 diuul-

158 2736 317 2839 '34³5ss
351 2738 419 2835 *2³83
454 2756 549 2833 gato:
573 2755 796 2811 convenerunt
821 2748 967 2830 undique
994 2745 1159 2824 Britones,

160 2832 198 2921 t*
241 2826 336 2933 ”fiis—
397 2852 419 2959 *i
454 2846 560 2930 quiin
575 2853 669 2910 tanta
684 2845 774 2909 olede
795 2845 933 2929 dispersi
948 2845 1101 2910 fuerant:
1125 2853 1159 2910 et

170 2952 187 2991 ,
251 2946 352 2979 »0⁴2
394 2946 416 2981 ,η

171 3106 410 3189 ἓῗῖἕᾶἷῗῖῗῖ
453 3151 564 3211 autem
579 3143 676 3218 clero,
699 3142 900 3206 inunxersmt
926 3140 1099 3208 Aurelium
1124 3142 1159 3206 in

148 3261 284 3324 regem:
312 3247 347 3304 et
368 3261 440 3305 sese
466 3241 496 3304 ei
522 3261 614 3305 more
641 3259 701 3304 suo
728 3239 960 3304 submiserunt.
1009 3239 1159 3323 Cumque

148 3338 308 3422 impetum
323 3338 357 3401 in
374 3338 522 3403 Saxones
539 3338 612 3402 fieri
627 3338 890 3414 cohortarentur,
913 3339 1069 3403 dissuasit
1087 3359 1157 3402 rex.

149 3434 238 3500 Nam
251 3437 345 3520 prius
365 3435 602 3522 Vortegirnum
622 3436 776 3519 persequi
796 3437 1016 3501 affectaverat.
1062 3435 1157 3530 Adeo

149 3535 235 3598 enim
250 3541 386 3618 propter
401 3534 622 3618 proditionem
641 3535 729 3616 patri
745 3534 870 3598 illatam
891 3534 1051 3609 doluerat,
1069 3534 1159 3618 quod

147 3634 195 3697 nil
209 3653 308 3718 agere
323 3633 504 3709 videretur,
521 3633 585 3696 nisi
605 3654 680 3696 eum
700 3633 792 3716 prius
812 3633 1003 3696 vindicaret.
1049 3632 1157 3698 Affec-

148 3741 220 3797 tum
228 3733 342 3815 itaque
353 3753 449 3796 suum
461 3733 579 3816 exequi
591 3732 791 3808 desiderans,
805 3733 966 3797 convertit
978 3734 1158 3798 exercitum

149 3853 246 3896 suum
275 3831 310 3894 in
342 3830 540 3906 Oambriam,
571 3830 790 3915 oppidumque
829 3830 985 3896 Genoreu
1028 3833 1155 3915 petivit.

150 3929 341 4015 Diffirgerat
361 3931 447 3994 enim
473 3952 512 3995 eo
536 3929 767 4016 Vortegirnus‚
791 3938 830 3994 ut
855 3938 965 3995 tutum
991 3931 1157 4017 refugium

149 4029 296 4093 haberet.
344 4027 428 4093 Erat
443 4038 553 4094 autem
568 4029 723 4113 oppidum
732 4029 814 4092 illud
829 4029 863 4092 in
878 4030 1010 4093 natione
1026 4029 1157 4116 Hergin

151 4147 250 4210 super
272 4126 408 4192 fluvium
427 4128 552 4204 Ganiae,
578 4129 612 4191 in
638 4135 749 4192 monte
775 4127 831 4210 qui
857 4126 1005 4191 Olearius
1034 4149 1158 4192 nuncu-

961 4247 983 4288 ι(
1007 4226 1027 4288 2
