2862 4870
370 500 527 544 ursromrr
549 501 623 546 aaa.
645 502 727 546 amr.
742 502 805 548 urs.
827 504 848 546 1.
1096 489 1134 550 19

124 661 199 706 num
214 643 375 721 abundat,
388 645 435 709 ibi
450 646 580 710 evenire
589 646 673 710 solet
682 647 879 732 triumphus.
928 645 1017 713 Galli
1031 648 1134 734 igitur

123 743 275 826 quoniam
291 744 403 809 tricies
421 745 533 829 plures
548 753 643 810 erant
666 745 803 822 ceteris,
825 767 1013 830 quanquam
1027 748 1134 832 primo

122 844 268 926 oppressi
294 844 448 909 fuerant:
487 853 598 909 tamen
623 845 776 910 resociati
801 845 960 929 impetum
985 847 1135 915 fecerunt

121 942 267 1026 undique
278 944 314 1006 in
327 942 447 1008 Troes:
469 951 504 1008 et
514 944 606 1008 illata
615 951 726 1030 strage
735 944 823 1028 ipsos
834 945 870 1008 in
881 953 990 1010 castra
1004 947 1133 1034 ingredi

5 1041 7 1090 Γ
121 1049 310 1126 coegerunt.
368 1041 549 1106 Victoriam
574 1042 678 1127 igitur
703 1042 826 1127 adepti,
850 1043 1051 1109 obsederunt
1077 1067 1133 1112 eos

120 1138 207 1203 intra
221 1148 348 1205 eastra:
379 1141 576 1205 meditantes
591 1161 799 1225 nequaquam
810 1141 903 1225 prius
918 1143 1007 1207 illinc
1021 1144 1133 1208 absce-

120 1238 206 1315 dere,
224 1260 326 1323 quam
341 1239 404 1323 ipsi
426 1240 543 1304 inclusi
561 1240 613 1304 vel
635 1240 717 1304 oolla
730 1240 902 1304 vincienda
924 1242 1047 1306 catenis
1065 1251 1133 1306 tra

5 1349 6 1352 ’
120 1337 245 1414 derant,
258 1339 312 1402 vel
322 1339 421 1424 longa
429 1338 517 1402 fame
532 1337 642 1402 afflicti
658 1338 836 1403 saevissima
846 1348 953 1404 morte
968 1341 1134 1406 afficeren-

119 1445 183 1502 tur.
233 1435 395 1520 Sequenti
414 1436 541 1500 interea
555 1445 651 1501 nocte
673 1436 834 1502 Corineus
849 1439 946 1504 inivit
960 1441 1132 1506 consilium

120 1557 192 1600 cum
215 1535 336 1612 Bruto,
361 1557 397 1600 se
418 1536 501 1600 velle
524 1535 646 1600 scilicet
667 1556 727 1619 per
750 1536 899 1619 quadarn
929 1537 1071 1602 divortia
1099 1540 1133 1604 in

120 1634 234 1698 eadem
249 1643 346 1698 nocte
370 1634 493 1719 egredi,
519 1642 553 1698 et
574 1634 663 1697 intra
677 1655 793 1698 nemus
817 1635 906 1718 quod
927 1657 1030 1720 prope
1048 1647 1131 1715 erat,

120 1754 223 1817 usque
240 1733 282 1797 ad
299 1733 385 1797 diem
401 1733 546 1796 delitere.
594 1730 640 1795 Et
655 1732 734 1796 dum
755 1731 883 1798 Brutus
906 1735 968 1798 sub
989 1735 1132 1802 diluculo

119 1852 272 1917 egressus
285 1853 362 1896 cum
376 1832 526 1895 hostibus
543 1831 728 1895 dimicaret:
751 1831 822 1914 ipse
837 1853 910 1896 cum
923 1855 983 1896 aua
997 1835 1132 1900 cohorte

119 1951 139 1992 a
151 1938 249 2014 tergo
265 1930 504 2014 superveniret,
521 1937 556 1992 et
564 1928 652 1992 facto
661 1929 788 2012 impetu
797 1937 943 2015 stragem
952 1931 1130 2017 ingereret.

120 2027 251 2093 Placuit
266 2029 379 2112 itaque
395 2027 502 2091 Bruto
516 2027 649 2091 Oorinei
665 2027 843 2092 sententia:
867 2030 925 2112 qui
940 2039 978 2094 ut
991 2031 1131 2114 praedix-

120 2136 200 2204 erat,
232 2127 351 2191 callide
385 2147 538 2212 egressus
574 2147 647 2190 cum
683 2125 791 2189 tribus
825 2127 968 2202 milibus,
1005 2130 1133 2196 occulta

118 2246 289 2290 nemorum
310 2224 438 2309 petivit.
484 2222 692 2288 Adveniente
706 2244 786 2309 ergo
795 2233 929 2308 postera
944 2226 997 2291 die
1013 2228 1132 2293 statuit

118 2321 245 2388 Brutus
261 2344 339 2387 suos
356 2343 415 2407 per
436 2330 574 2398 turmas,
597 2329 631 2386 et
645 2322 769 2406 apertis
789 2324 906 2388 castris
921 2333 1130 2412 pugnaturus

116 2423 297 2509 egreditur.
345 2421 536 2489 Occurrunt
559 2421 662 2506 igitur
677 2421 850 2486 confestim
872 2422 970 2499 Galli,
993 2433 1027 2488 et
1042 2425 1130 2498 facto

115 2523 246 2608 agmine
270 2543 345 2585 cum
367 2521 440 2605 ipso
464 2520 732 2605 congrediuntur.
780 2519 969 2584 concidunt
993 2520 1080 2585 illico
1095 2523 1130 2586 in

115 2629 258 2705 utraque
272 2627 367 2704 parte
381 2619 486 2683 multa
496 2617 646 2684 'virorum
658 2618 770 2693 millia,
781 2619 859 2682 dum
868 2627 985 2683 mutua
993 2619 1131 2684 vulnera

115 2718 253 2783 dantur:
287 2718 365 2802 quia
394 2718 503 2782 nullus
533 2716 722 2781 adversario
752 2717 917 2800 parcebat.
974 2713 1059 2781 Erat
1084 2718 1130 2782 ibi

115 2817 250 2900 quidam
268 2815 353 2880 Tros
369 2816 500 2879 nomine
517 2813 672 2878 Turonus
689 2812 788 2878 Bruti
799 2835 912 2899 nepos,
929 2837 995 2899 quo
1010 2815 1130 2882 fortior

115 2916 183 2981 sive
209 2916 367 2981 audacior
396 2915 518 2990 nullus,
543 2921 680 2997 excepto
708 2913 861 2990 coriaco,
889 2914 1014 2979 aderat.
1062 2915 1130 2980 Hic

115 3015 204 3079 solus
221 3015 292 3078 solo
307 3013 417 3099 gladio
434 3034 493 3076 suo
510 3019 682 3076 sexcentos
702 3012 791 3076 viros
805 3013 955 3095 peremit.
1005 3011 1072 3078 Sed
1086 3014 1129 3080 ab

115 3112 320 3177 irruentibus
352 3111 457 3176 Gallis
481 3110 579 3175 citius
618 3130 717 3193 quarn
743 3110 911 3174 debuisset
934 3111 1130 3180 interfectus

114 3219 173 3276 est.
221 3209 277 3275 De
292 3211 423 3274 nomine
438 3210 542 3294 ipsius
566 3209 722 3292 praedicta
742 3208 857 3273 civitas
875 3208 1018 3276 Turonis
1034 3231 1130 3274 voca·

114 3309 229 3373 bulum
258 3317 357 3372 nacta
386 3315 453 3372 est:
488 3308 566 3391 quia
591 3306 713 3371 ibidem
737 3307 885 3392 sepultus
909 3307 984 3372 fuit.
1042 3307 1128 3374 Cum

112 3407 214 3494 igitur
229 3417 381 3492 utraque
395 3415 515 3472 turmae
538 3405 647 3471 acrius
663 3413 860 3490 pugnarent,
882 3406 1072 3490 supervenit
1088 3427 1129 3470 ex

113 3506 294 3591 improviso
311 3507 483 3581 corneus,
506 3513 540 3569 et
554 3526 575 3568 a
589 3512 684 3589 tergo
704 3504 816 3568 hostes
832 3503 982 3568 celeriter
998 3503 1129 3570 invasit.

115 3603 320 3669 Audaciores
341 3603 480 3688 proinde
498 3604 708 3688 insurgentes
724 3602 835 3667 catari
856 3624 897 3668 ex
912 3603 1017 3666 altera
1036 3609 1132 3685 parto

114 3701 320 3778 incumbunt,
359 3711 569 3788 stragemque
599 3700 709 3764 facere
738 3700 950 3764 contendunt.
1013 3697 1132 3784 Itaque

123 3800 210 3867 Galli
226 3803 298 3866 solo
317 3801 459 3866 clamore
481 3798 731 3863 Oorineensium
756 3797 814 3881 qui
838 3817 859 3860 a
881 3805 977 3882 tergo
1002 3797 1131 3861 invaso-

5 3893 6 3898 ’
116 3909 189 3964 rant
210 3900 389 3984 stupefacti
409 3907 498 3963 sunt.
545 3896 591 3962 Et
606 3897 806 3962 arbitrantes
820 3896 932 3979 plures
956 3895 1131 3962 advenisse

117 4019 215 4083 quam
238 3999 453 4073 advenerant,
486 4017 637 4080 campum
662 3996 815 4060 deserere
837 3994 1012 4059 festinant:
1048 4015 1156 4080 quos

5 4164 7 4170 ,
118 4094 220 4162 Troes
230 4118 337 4182 usque
345 4096 502 4161 ferientes
511 4095 747 4180 insequuntur:
770 4092 973 4177 insequendo
985 4101 1132 4176 proster-

117 4205 212 4261 nunt:
242 4218 303 4260 nec
332 4203 543 4281 prosternere
573 4200 795 4268 cessaverunt,
828 4190 930 4254 donec
959 4191 1133 4255 victoriam

937 4308 956 4350 o
981 4287 1002 4350 2
