2862 4870
279 443 320 506 62
595 459 707 504 asara.
728 459 970 505 uonurrnrnrsrs

280 626 379 690 quam
401 603 582 689 periculum
606 604 640 668 in
659 604 759 669 fluvio
780 605 928 690 perpessi
950 604 1103 681 firisscnt,
1129 611 1169 667 ut
1191 609 1285 668 terra

278 703 376 788 potiti
401 711 489 779 sunt,
513 703 653 768 viriliter
677 703 853 768 Britonum
878 702 1053 787 irruptioni
1075 702 1283 767 restiterunt.

279 800 461 866 Audaciam
476 825 606 888 quoquo
619 824 679 886 pro
694 824 789 866 muro
810 803 968 867 habentes
983 810 1128 888 stragem
1141 821 1209 866 non
1223 801 1285 866 mi·

279 901 401 964 nimam
411 900 580 967 fecerunt:
602 902 660 966 sed
668 910 778 966 tamen
792 900 950 986 majorem
964 900 1174 986 patiebantur
1184 919 1285 985 quam

278 999 473 1065 inferebant.
520 999 704 1066 Periclitati
718 1022 859 1085 narnque
873 999 908 1063 in
921 999 1031 1075 fluvio,
1047 999 1218 1084 pauciores
1233 999 1284 1062 in-

278 1099 455 1164 oedcbantr
479 1097 634 1164 Britones
656 1121 735 1164 vero
755 1098 844 1163 omni
863 1099 946 1163 hors
959 1097 1130 1172 affluentia
1147 1118 1284 1171 suorum

277 1197 492 1284 augmentati,
507 1197 606 1283 triplo
628 1198 787 1282 majorem
801 1218 975 1262 numerum
988 1197 1162 1262 habebant.
1194 1195 1283 1272 ,iin-

279 1297 320 1362 de
336 1297 512 1362 debilitatis
528 1297 645 1363 ceteris
656 1297 754 1382 potiti
766 1304 843 1362 sunt
856 1296 1034 1380 triumpho.
1082 1294 1285 1381 Oaesansrgo

278 1417 353 1460 cum
376 1418 448 1462 sese
473 1396 634 1464 devictum
657 1395 865 1480 inspexisset,
882 1416 956 1459 oum
978 1393 1092 1478 paucis
1115 1396 1284 1460 adnaves

278 1495 419 1580 diffugit,
436 1502 470 1559 et
484 1502 632 1562 tutamen
646 1495 747 1558 maris
762 1515 804 1558 cx
825 1501 902 1558 voto
917 1500 1033 1558 nactus
1048 1500 1119 1557 est:
1140 1499 1284 1576 tempes-

277 1591 354 1657 tivis
370 1592 469 1656 etiam
480 1592 587 1657 ventis
599 1592 810 1667 instantibus,
831 1590 937 1656 erexit
951 1591 1024 1655 vela
1039 1611 1108 1666 sua,
1125 1599 1159 1656 et
1175 1589 1284 1654 Mori-

277 1711 395 1755 norum
413 1691 508 1755 littus
527 1691 654 1776 petivit.
701 1690 876 1777 Ingressus
902 1698 953 1755 est
980 1690 1096 1754 deinde
1119 1689 1283 1774 quandam

276 1789 404 1864 turrim,
422 1810 520 1874 qnam
535 1790 570 1854 in
588 1790 659 1854 loco
675 1789 733 1874 qui
749 1787 867 1854 Odnea
891 1795 1028 1853 vocatur
1042 1796 1281 1864 construxerat,

276 1895 453 1971 antequam
468 1886 675 1952 Britanniam
685 1887 826 1952 haovice
840 1886 1019 1951 adivisset:
1041 1885 1179 1951 timebat
1190 1908 1283 1950 nam-

276 2007 341 2069 que
369 1984 538 2050 Gallorum
559 1985 658 2051 fidem
684 1993 718 2050 et
743 1985 1001 2060 instabilitatem,
1025 2005 1068 2049 nc
1086 1984 1227 2050 secundo
1246 1984 1283 2049 in

275 2085 384 2169 ipsum
397 2084 579 2149 irruerent:
604 2085 689 2149 sieut
712 2105 810 2168 snpra
834 2083 1021 2148 dictumest
1045 2084 1134 2168 ipsos
1151 2083 1280 2162 fecisse,

276 2182 405 2266 quando
424 2182 530 2267 primo
546 2182 739 2247 Britonibus
754 2189 849 2268 terga
863 2188 1006 2246 testatus
1021 2189 1071 2246 est
1086 2182 1279 2250 ostendisse.

278 2279 332 2346 Ob
342 2281 427 2344 hanc
441 2302 570 2345 oausam
592 2281 712 2344 turrim
732 2280 794 2344 sibi
817 2281 851 2344 in
874 2279 1038 2365 refugium
1052 2281 1279 2358 aedificaverat,

275 2379 323 2444 ita
344 2387 382 2443 ut
397 2379 511 2443 rebelli
529 2380 650 2464 populo
674 2378 828 2443 resistere
847 2378 981 2454 valeret,
1009 2377 1038 2442 si
1062 2379 1211 2450 inillum
1232 2381 1287 2464 (at

274 2478 466 2564 praedictum
481 2480 557 2563 est)
573 2478 813 2543 insurrexisset.

346 2737 361 2818 ς
383 2740 412 2800 8.
433 2753 587 2800 svnnnvus
608 2753 793 2796 nranuomu
813 2751 1004 2809 onravrvcsr,
1025 2753 1211 2800 innuosnvs

639 2845 791 2889 casianus
812 2845 912 2888 rnrrr.

359 3000 363 3001 ν
432 2996 490 3043 2
576 2956 975 3024 ASSIBELLAUNUS
1000 2965 1111 3024 autem
1134 2959 1279 3025 secundo

262 3059 284 3147 gf
374 3066 474 3145 &m
576 3056 742 3142 triumpho
751 3058 901 3143 adeptus,
917 3057 1060 3122 maximo
1068 3057 1191 3144 gaudio
1200 3058 1282 3123 fiue-

265 3168 269 3211 ι
334 3147 429 3227 'W
576 3162 684 3232 tuans,
695 3156 835 3222 edictum
850 3156 939 3233 fecit,
951 3165 990 3221 ut
1005 3177 1116 3221 omnes
1127 3178 1281 3242 proceres

304 3342 310 3345 μ
345 3274 505 3351 «a
520 3289 521 3292 κ
576 3252 758 3320 Britannia
772 3254 808 3319 in
822 3256 937 3320 urbem
950 3254 1189 3320 Trinouantum
1203 3277 1280 3320 cum

358 3343 417 3434 ‘'1ssss
440 3346 503 3443 *ss*
577 3353 734 3418 uxoribus
752 3353 821 3419 suis
844 3353 1064 3430 convenirent,
1087 3353 1280 3438 debitasque

576 3451 798 3517 solemnitates
828 3453 944 3537 patriis
978 3452 1041 3517 diis
1064 3453 1278 3529 celebrarent,

273 3545 331 3631 qui
354 3544 525 3610 victoriam
548 3548 610 3613 sibi
635 3549 675 3614 de
699 3557 791 3615 tanto
813 3549 1013 3635 imperatore
1039 3559 1276 3617 concesserant.

275 3644 423 3730 Cumque
449 3666 562 3712 omnes
587 3649 769 3733 postposita
788 3670 881 3714 mora
903 3648 1122 3726 advenissent,
1148 3649 1286 3733 diversa¹

273 3744 432 3809 sacrificia
466 3744 634 3823 facientes,
673 3746 825 3812 occisioni
861 3747 1021 3832 pecudum
1057 3748 1275 3814 indulserunt.

274 3841 470 3907 Litaverunt
485 3843 531 3909 ibi
546 3845 763 3932 qnadraginta
784 3846 886 3910 millia
902 3867 1082 3923 vaccarum,
1099 3855 1133 3911 et
1148 3854 1277 3914 centum

272 3941 362 4004 milia
385 3941 511 4006 ovium:
550 3943 816 4028 diversorumque
839 3937 999 4031 generum¹
1026 3945 1180 4022 volatilia,
1205 3967 1277 4030 quac

272 4039 388 4104 leviter
404 4040 465 4103 sub
489 4062 626 4107 numero
649 4064 716 4107 non
742 4042 910 4108 cadebant.
957 4041 1125 4109 Praeterea
1139 4044 1279 4131 triginta

272 4137 363 4202 milia
377 4137 584 4223 sylvestrium
594 4139 740 4206 ferarum
751 4142 974 4228 cujuscunque
988 4144 1118 4230 generis
1127 4144 1277 4209 collecta-
