2862 4870
434 503 591 548 arenosum
613 505 685 550 nno.
708 509 791 551 amr.
811 509 874 554 nra.
895 509 938 553 iv.
1144 493 1184 556 69

375 760 390 840 ξ
413 762 463 821 13.
484 775 572 820 anuo
594 778 771 822 eomnmuu
793 781 979 826 mrnnnrom.

222 950 281 991 ,2-
478 915 729 982 IVULGATO
758 939 837 1004 ergo
872 919 1002 984 Claudii
1041 919 1181 986 Caesaris

286 1074 288 1083 ,
322 1068 326 1097 ,
394 1088 397 1089 ⁷
476 1020 631 1096 adventu,
669 1020 799 1106 collegit
837 1021 1018 1088 Guideriue
1054 1045 1181 1088 omnem

476 1130 640 1182 armatum
655 1120 749 1204 regni
763 1120 919 1185 militem:
942 1129 976 1186 et
992 1120 1180 1186 Romanum

479 1221 657 1286 exertitum
689 1222 817 1306 petivit.
864 1222 1027 1289 Conserto
1064 1224 1182 1289 deinde

180 1334 250 1399 ,ᾗ
348 1394 378 1408 g
475 1319 590 1402 prelio
601 1320 760 1386 acerrime
774 1320 872 1404 coepit
886 1321 999 1386 hostes
1010 1320 1181 1388 invadere:

232 1405 255 1409 Α
329 1414 366 1427 ³
475 1416 549 1500 plus
565 1418 654 1484 solus
667 1419 778 1503 gladio
793 1440 853 1484 suo
868 1439 968 1504 quam
981 1419 1088 1504 mqior
1102 1439 1180 1504 pars

168 1506 333 1570 exercitus
349 1511 585 1596 suiporimens.
632 1516 707 1580 Jam
732 1517 890 1584 Claudius
915 1518 1179 1604 navcspetebat:

168 1602 242 1668 Jam
259 1603 402 1672 Romani
417 1633 499 1694 pene
514 1612 779 1696 dissipabantur:
808 1636 883 1680 oum
893 1624 1048 1680 versutus
1071 1614 1179 1682 Hamo

165 1703 323 1786 projectis
349 1706 414 1771 illis
440 1712 540 1778 armis
560 1713 677 1796 quibus
697 1712 834 1778 indutus
855 1713 976 1791 fuerat,
997 1735 1088 1780 arma
1102 1711 1178 1778 Bri-

163 1803 415 1889 tannioacepit:
438 1817 472 1874 et
483 1811 577 1891 quasi
593 1809 774 1876 Britannus
786 1801 987 1877 contrasnos
998 1813 1177 1898 pugnabat.

166 1900 300 1967 Deinde
318 1905 513 1972 hortabatur
530 1907 686 1974 Britones
706 1910 749 1974 ad
763 1910 1019 1995 insequendum:
1042 1911 1178 1976 festina-

163 2008 238 2066 tum
251 2003 457 2086 triumphum
476 2008 679 2091 promittens.
726 2007 900 2074 Didicerat
924 2010 1011 2073 enim
1031 2009 1178 2095 linguam

162 2119 278 2164 eorum
301 2111 336 2165 et
360 2125 488 2170 mores:
510 2105 568 2189 qui
590 2106 677 2170 inter
701 2105 879 2171 Britannos
905 2106 1034 2172 obsides
1061 2107 1178 2176 Romae

162 2201 310 2266 nutritus
321 2200 451 2266 fuerat:
467 2203 542 2266 exin
550 2204 687 2268 accessit
698 2205 857 2286 paulatim
867 2205 938 2288 ipse
944 2205 1044 2289 juxta
1053 2226 1177 2291 regem,

162 2299 321 2383 adituque
344 2300 478 2365 invento
501 2301 608 2384 ipsum
631 2301 713 2364 nihil
738 2303 804 2368 tale
825 2302 997 2368 timentem
1022 2325 1178 2372 mucrone

161 2399 353 2464 suffocavit:
377 2399 506 2481 elapsus
529 2399 646 2464 deinde
668 2399 755 2464 inter
780 2401 925 2465 hostium
945 2423 1076 2480 cuneos,
1105 2425 1177 2472 sese

160 2519 234 2562 oum
248 2497 394 2562 nefanda
402 2497 540 2562 victoria
550 2497 637 2562 inter
658 2519 735 2563 suos
747 2499 880 2582 recepit.
927 2498 975 2564 At
989 2498 1175 2586 Arviragus

161 2595 309 2679 ejusdem
323 2596 429 2661 frater
444 2605 482 2660 ut
497 2596 604 2680 ipsum
616 2604 822 2680 peremptum
831 2597 984 2681 inspexit,
1001 2598 1175 2666 confestim

159 2693 312 2779 deposuit
326 2715 420 2758 arma
434 2715 504 2770 sua,
520 2693 686 2778 armisque
697 2695 787 2780 regis
802 2695 938 2760 indutus
958 2695 1033 2760 hinc
1049 2705 1082 2761 et
1097 2696 1174 2762 inde

158 2792 315 2858 Britones
327 2793 370 2856 ad
380 2791 591 2877 perstandum
602 2792 783 2856 animabat:
806 2792 980 2877 quasiipse
993 2793 1173 2862 Guiderius

156 2892 287 2969 finisset,
311 2892 369 2976 qui
383 2892 565 2958 nescientes
588 2893 677 2976 regis
691 2911 815 2968 casum,
832 2892 960 2957 monitu
986 2893 1056 2977 ejus
1073 2896 1172 2962 resis-

157 2991 283 3067 tebant,
310 2992 512 3076 pugnabant,
536 2998 747 3075 stragemque
770 3011 836 3054 non
865 2990 1030 3056 minimam
1053 2993 1172 3064 infere-

156 3090 247 3156 bant.
293 3088 350 3154 Ad
364 3090 514 3154 ultimum
529 3089 719 3154 dilabuntur
740 3088 883 3154 Romani
897 3089 932 3152 in
953 3089 1034 3156 duas
1048 3102 1170 3176 partes,

159 3208 310 3273 eampum
325 3187 468 3272 turpiter
486 3187 685 3254 deserentes.
749 3187 859 3252 Caesar
881 3209 1022 3273 namque
1045 3190 1080 3254 in
1103 3212 1170 3256 uua

157 3297 252 3373 parte
266 3287 432 3352 tutamina
442 3286 574 3352 navium
585 3287 732 3371 petebat:
757 3285 867 3352 Hamo
886 3296 997 3353 autem
1013 3310 1168 3356 nemora:

157 3388 235 3473 quia
249 3409 318 3451 non
340 3387 482 3452 habebat
504 3387 647 3470 spatium
661 3407 761 3451 naves
785 3386 936 3453 adeundi.
983 3386 1167 3474 Arviragus

155 3508 236 3572 ergo
257 3485 424 3552 arbitrans
449 3485 623 3550 Claudium
649 3506 723 3550 cum
738 3505 777 3549 eo
802 3485 972 3571 diffugere,
999 3486 1168 3552 festinavit

156 3605 232 3650 eum
252 3583 358 3668 sequi,
380 3603 441 3648 nco
461 3582 600 3648 cessavit
615 3581 741 3648 deloco
767 3583 802 3646 in
827 3584 934 3648 locum
950 3585 1042 3668 sequi
1066 3584 1168 3652 donec

154 3682 227 3746 illos
243 3681 415 3767 occupavit
430 3702 528 3765 super
548 3681 627 3745 litus
642 3681 750 3757 maris,
778 3681 868 3766 quod
881 3703 968 3746 nuno
982 3683 1022 3748 de
1036 3685 1167 3750 nomine

154 3781 304 3864 ejusdem
334 3780 497 3846 Hamonis
529 3779 709 3844 Hamtcnia
737 3788 954 3864 nuncupatur.
1007 3780 1091 3844 Erat
1120 3784 1167 3848 ibi

151 3890 267 3966 portus
283 3881 521 3965 applicantibus
540 3881 678 3945 navibus
693 3901 877 3965 congruus:
900 3901 1065 3966 navesque
1079 3903 1165 3947 mer-

154 3989 304 4045 catorum
320 3981 463 4064 appulsae
480 3979 701 4064 quiescebant.
763 3978 830 4042 Eas
851 4001 930 4063 ergo
946 4001 1020 4043 cum
1035 3981 1164 4065 ingredi

152 4079 339 4144 affectasset
355 4078 477 4153 Homo,
499 4078 687 4161 supervenit
708 4099 748 4140 ex
770 4078 947 4161 improviso
968 4078 1162 4166 Arviragus,

153 4178 322 4262 ipsumque
339 4177 448 4242 subito
464 4175 637 4240 interfecit.
685 4175 807 4239 Portus
833 4186 943 4240 autem
964 4177 1017 4241 ille
1043 4178 1084 4240 ab
1109 4181 1164 4241 illo
