<?xml version="1.0" encoding="UTF-8"?>
<!DOCTYPE html PUBLIC "-//W3C//DTD XHTML 1.0 Transitional//EN"
    "http://www.w3.org/TR/xhtml1/DTD/xhtml1-transitional.dtd">
<html xmlns="http://www.w3.org/1999/xhtml" xml:lang="en" lang="en">
 <head>
  <title>
</title>
<meta http-equiv="Content-Type" content="text/html;charset=utf-8" />
  <meta name='ocr-system' content='tesseract 3.04.00' />
  <meta name='ocr-capabilities' content='ocr_page ocr_carea ocr_par ocr_line ocrx_word'/>
</head>
<body>
  <div class='ocr_page' id='page_1' title='image "./galfredimonumet00virugoog_0283.png"; bbox 0 0 2872 4876; ppageno 0'>
   <div class='ocr_carea' id='block_1_1' title="bbox 336 393 1112 464">
    <p class='ocr_par' dir='ltr' id='par_1_1' title="bbox 336 393 1112 464">
     <span class='ocr_line' id='line_1_1' title="bbox 336 393 1112 464; baseline 0.006 -5"><span class='ocrx_word' id='word_1_1' title='bbox 336 405 490 460; x_wconf 72' lang='lat' dir='ltr'>nmmo.</span> <span class='ocrx_word' id='word_1_2' title='bbox 515 407 705 462; x_wconf 78' lang='lat' dir='ltr'>merorum</span> <span class='ocrx_word' id='word_1_3' title='bbox 728 410 800 463; x_wconf 84' lang='lat' dir='ltr'>mn.</span> <span class='ocrx_word' id='word_1_4' title='bbox 824 411 878 464; x_wconf 90' lang='lat'>111.</span> <span class='ocrx_word' id='word_1_5' title='bbox 1070 393 1112 464; x_wconf 84' lang='lat'>13</span> 
     </span>
    </p>
   </div>
   <div class='ocr_carea' id='block_1_2' title="bbox 1 555 1114 2432">
    <p class='ocr_par' dir='ltr' id='par_1_2' title="bbox 69 555 1114 1247">
     <span class='ocr_line' id='line_1_2' title="bbox 69 555 1113 653; baseline 0.004 -20"><span class='ocrx_word' id='word_1_6' title='bbox 69 555 79 572; x_wconf 88' lang='lat'>&#39;</span> <span class='ocrx_word' id='word_1_7' title='bbox 105 558 279 648; x_wconf 87' lang='lat' dir='ltr'>cohortes,</span> <span class='ocrx_word' id='word_1_8' title='bbox 295 560 484 648; x_wconf 77' lang='lat' dir='ltr'>vulnerati,</span> <span class='ocrx_word' id='word_1_9' title='bbox 507 561 801 647; x_wconf 83' lang='lat' dir='ltr'><strong>quemadmodum</strong></span> <span class='ocrx_word' id='word_1_10' title='bbox 825 571 971 653; x_wconf 75' lang='lat' dir='ltr'>segetes,</span> <span class='ocrx_word' id='word_1_11' title='bbox 994 587 1113 638; x_wconf 83' lang='lat' dir='ltr'>cuma</span> 
     </span>
     <span class='ocr_line' id='line_1_3' title="bbox 102 659 1112 750; baseline 0.005 -19"><span class='ocrx_word' id='word_1_12' title='bbox 102 659 335 732; x_wconf 81' lang='lat' dir='ltr'>falcatoribus</span> <span class='ocrx_word' id='word_1_13' title='bbox 359 660 623 748; x_wconf 80' lang='lat' dir='ltr'>aggrediuntur,</span> <span class='ocrx_word' id='word_1_14' title='bbox 657 662 806 748; x_wconf 85' lang='lat' dir='ltr'>denique</span> <span class='ocrx_word' id='word_1_15' title='bbox 835 664 1112 750; x_wconf 77' lang='lat' dir='ltr'>praevalentibus</span> 
     </span>
     <span class='ocr_line' id='line_1_4' title="bbox 103 758 1114 852; baseline 0.005 -21"><span class='ocrx_word' id='word_1_16' title='bbox 103 758 324 847; x_wconf 77' lang='lat' dir='ltr'>BritonibuS,</span> <span class='ocrx_word' id='word_1_17' title='bbox 339 759 530 846; x_wconf 81' lang='lat' dir='ltr'>diffugiunt</span> <span class='ocrx_word' id='word_1_18' title='bbox 554 758 835 852; x_wconf 82' lang='lat' dir='ltr'>Norvegienses3</span> <span class='ocrx_word' id='word_1_19' title='bbox 858 762 1005 836; x_wconf 88' lang='lat' dir='ltr'>Belinus</span> <span class='ocrx_word' id='word_1_20' title='bbox 1019 763 1114 835; x_wconf 86' lang='lat' dir='ltr'>inse-</span> 
     </span>
     <span class='ocr_line' id='line_1_5' title="bbox 100 857 1113 949; baseline 0.004 -20"><span class='ocrx_word' id='word_1_21' title='bbox 100 858 236 946; x_wconf 85' lang='lat' dir='ltr'>quitur,</span> <span class='ocrx_word' id='word_1_22' title='bbox 247 857 446 944; x_wconf 82' lang='lat' dir='ltr'>quindecim</span> <span class='ocrx_word' id='word_1_23' title='bbox 458 858 572 932; x_wconf 84' lang='lat' dir='ltr'>millia</span> <span class='ocrx_word' id='word_1_24' title='bbox 583 859 793 949; x_wconf 82' lang='lat' dir='ltr'>ceciderrmt,</span> <span class='ocrx_word' id='word_1_25' title='bbox 805 861 984 935; x_wconf 82' lang='lat' dir='ltr'>vulnerati</span> <span class='ocrx_word' id='word_1_26' title='bbox 994 860 1113 949; x_wconf 87' lang='lat' dir='ltr'>multi,</span> 
     </span>
     <span class='ocr_line' id='line_1_6' title="bbox 102 957 1112 1048; baseline 0.003 -19"><span class='ocrx_word' id='word_1_27' title='bbox 102 957 207 1044; x_wconf 85' lang='lat' dir='ltr'>pauci</span> <span class='ocrx_word' id='word_1_28' title='bbox 234 957 321 1030; x_wconf 80' lang='lat' dir='ltr'>sani.</span> <span class='ocrx_word' id='word_1_29' title='bbox 368 958 422 1029; x_wconf 92' lang='lat' dir='ltr'>At</span> <span class='ocrx_word' id='word_1_30' title='bbox 445 958 608 1030; x_wconf 87' lang='lat' dir='ltr'>Brennus</span> <span class='ocrx_word' id='word_1_31' title='bbox 631 959 693 1031; x_wconf 86' lang='lat' dir='ltr'>vix</span> <span class='ocrx_word' id='word_1_32' title='bbox 708 985 816 1033; x_wconf 86' lang='lat' dir='ltr'>unam</span> <span class='ocrx_word' id='word_1_33' title='bbox 838 961 958 1034; x_wconf 81' lang='lat' dir='ltr'><strong>navim</strong></span> <span class='ocrx_word' id='word_1_34' title='bbox 973 969 1112 1048; x_wconf 84' lang='lat' dir='ltr'>nactus,</span> 
     </span>
     <span class='ocr_line' id='line_1_7' title="bbox 101 1056 1112 1146; baseline 0.003 -19"><span class='ocrx_word' id='word_1_35' title='bbox 101 1063 144 1128; x_wconf 91' lang='lat' dir='ltr'>ut</span> <span class='ocrx_word' id='word_1_36' title='bbox 158 1056 412 1144; x_wconf 62' lang='lat' dir='ltr'>fortunatum,</span> <span class='ocrx_word' id='word_1_37' title='bbox 425 1056 565 1131; x_wconf 80' lang='lat' dir='ltr'>Gallica</span> <span class='ocrx_word' id='word_1_38' title='bbox 578 1056 862 1145; x_wconf 83' lang='lat' dir='ltr'>littorupetivit:</span> <span class='ocrx_word' id='word_1_39' title='bbox 879 1059 941 1132; x_wconf 85' lang='lat' dir='ltr'>alii</span> <span class='ocrx_word' id='word_1_40' title='bbox 953 1084 1022 1146; x_wconf 86' lang='lat' dir='ltr'>quo</span> <span class='ocrx_word' id='word_1_41' title='bbox 1034 1083 1112 1131; x_wconf 89' lang='lat' dir='ltr'>sors</span> 
     </span>
     <span class='ocr_line' id='line_1_8' title="bbox 101 1155 1112 1247; baseline 0.001 -20"><span class='ocrx_word' id='word_1_42' title='bbox 101 1155 259 1242; x_wconf 86' lang='lat' dir='ltr'>tulisset,</span> <span class='ocrx_word' id='word_1_43' title='bbox 274 1155 453 1243; x_wconf 78' lang='lat' dir='ltr'>fugerunt.</span> <span class='ocrx_word' id='word_1_44' title='bbox 499 1156 646 1230; x_wconf 90' lang='lat' dir='ltr'>Belinus</span> <span class='ocrx_word' id='word_1_45' title='bbox 663 1165 794 1247; x_wconf 81' lang='lat' dir='ltr'>sutem,</span> <span class='ocrx_word' id='word_1_46' title='bbox 808 1158 935 1231; x_wconf 85' lang='lat' dir='ltr'>habita</span> <span class='ocrx_word' id='word_1_47' title='bbox 950 1157 1112 1244; x_wconf 86' lang='lat' dir='ltr'>victorie,</span> 
     </span>
    </p>

    <p class='ocr_par' dir='ltr' id='par_1_3' title="bbox 60 1254 1113 2334">
     <span class='ocr_line' id='line_1_9' title="bbox 60 1254 1113 1346; baseline -0.003 -16"><span class='ocrx_word' id='word_1_48' title='bbox 60 1323 63 1330; x_wconf 89' lang='lat'>.</span> <span class='ocrx_word' id='word_1_49' title='bbox 102 1255 304 1326; x_wconf 82' lang='lat' dir='ltr'>convocatis</span> <span class='ocrx_word' id='word_1_50' title='bbox 315 1255 415 1342; x_wconf 80' lang='lat' dir='ltr'>regni</span> <span class='ocrx_word' id='word_1_51' title='bbox 426 1254 630 1346; x_wconf 76' lang='lat' dir='ltr'>proceribus</span> <span class='ocrx_word' id='word_1_52' title='bbox 640 1256 738 1329; x_wconf 85' lang='lat' dir='ltr'>intra</span> <span class='ocrx_word' id='word_1_53' title='bbox 749 1257 960 1344; x_wconf 84' lang='lat' dir='ltr'>Eboracum,</span> <span class='ocrx_word' id='word_1_54' title='bbox 973 1256 1113 1329; x_wconf 89' lang='lat' dir='ltr'>consul-</span> 
     </span>
     <span class='ocr_line' id='line_1_10' title="bbox 101 1352 1111 1440; baseline 0 -16"><span class='ocrx_word' id='word_1_55' title='bbox 101 1359 160 1425; x_wconf 82' lang='lat' dir='ltr'>tat</span> <span class='ocrx_word' id='word_1_56' title='bbox 171 1352 257 1439; x_wconf 81' lang='lat' dir='ltr'>quid</span> <span class='ocrx_word' id='word_1_57' title='bbox 268 1352 311 1425; x_wconf 90' lang='lat' dir='ltr'>de</span> <span class='ocrx_word' id='word_1_58' title='bbox 322 1378 404 1440; x_wconf 81' lang='lat' dir='ltr'>rege</span> <span class='ocrx_word' id='word_1_59' title='bbox 417 1354 594 1427; x_wconf 84' lang='lat' dir='ltr'>Decorum</span> <span class='ocrx_word' id='word_1_60' title='bbox 606 1354 757 1428; x_wconf 83' lang='lat' dir='ltr'>faceret:</span> <span class='ocrx_word' id='word_1_61' title='bbox 773 1356 1005 1428; x_wconf 84' lang='lat' dir='ltr'>mandaverat</span> <span class='ocrx_word' id='word_1_62' title='bbox 1016 1355 1111 1427; x_wconf 92' lang='lat' dir='ltr'>enim</span> 
     </span>
     <span class='ocr_line' id='line_1_11' title="bbox 102 1451 1112 1542; baseline 0.001 -18"><span class='ocrx_word' id='word_1_63' title='bbox 102 1451 172 1524; x_wconf 87' lang='lat' dir='ltr'>sibi</span> <span class='ocrx_word' id='word_1_64' title='bbox 181 1477 227 1524; x_wconf 86' lang='lat' dir='ltr'>ex</span> <span class='ocrx_word' id='word_1_65' title='bbox 236 1476 374 1525; x_wconf 86' lang='lat' dir='ltr'>carcere</span> <span class='ocrx_word' id='word_1_66' title='bbox 387 1453 480 1538; x_wconf 87' lang='lat' dir='ltr'>quod</span> <span class='ocrx_word' id='word_1_67' title='bbox 490 1478 527 1525; x_wconf 90' lang='lat' dir='ltr'>se</span> <span class='ocrx_word' id='word_1_68' title='bbox 538 1460 732 1542; x_wconf 77' lang='lat' dir='ltr'>etregnum</span> <span class='ocrx_word' id='word_1_69' title='bbox 743 1454 862 1528; x_wconf 83' lang='lat' dir='ltr'>Daciae</span> <span class='ocrx_word' id='word_1_70' title='bbox 872 1455 1112 1541; x_wconf 86' lang='lat' dir='ltr'>submitteret,</span> 
     </span>
     <span class='ocr_line' id='line_1_12' title="bbox 100 1551 1111 1641; baseline 0.001 -19"><span class='ocrx_word' id='word_1_71' title='bbox 100 1551 349 1637; x_wconf 78' lang='lat' dir='ltr'>tributumque</span> <span class='ocrx_word' id='word_1_72' title='bbox 394 1552 543 1640; x_wconf 80' lang='lat' dir='ltr'>singulis</span> <span class='ocrx_word' id='word_1_73' title='bbox 587 1553 690 1625; x_wconf 84' lang='lat' dir='ltr'>annis</span> <span class='ocrx_word' id='word_1_74' title='bbox 725 1552 920 1641; x_wconf 88' lang='lat' dir='ltr'>exhiberet,</span> <span class='ocrx_word' id='word_1_75' title='bbox 962 1553 993 1626; x_wconf 94' lang='lat' dir='ltr'>si</span> <span class='ocrx_word' id='word_1_76' title='bbox 1030 1578 1111 1625; x_wconf 93' lang='lat' dir='ltr'>cum</span> 
     </span>
     <span class='ocr_line' id='line_1_13' title="bbox 102 1650 1112 1740; baseline 0.001 -19"><span class='ocrx_word' id='word_1_77' title='bbox 102 1650 218 1722; x_wconf 81' lang='lat' dir='ltr'>amica</span> <span class='ocrx_word' id='word_1_78' title='bbox 239 1675 304 1722; x_wconf 81' lang='lat' dir='ltr'>sua</span> <span class='ocrx_word' id='word_1_79' title='bbox 329 1650 439 1723; x_wconf 89' lang='lat' dir='ltr'>libere</span> <span class='ocrx_word' id='word_1_80' title='bbox 463 1652 560 1725; x_wconf 83' lang='lat' dir='ltr'>abire</span> <span class='ocrx_word' id='word_1_81' title='bbox 577 1652 772 1726; x_wconf 76' lang='lat' dir='ltr'>sineretur:</span> <span class='ocrx_word' id='word_1_82' title='bbox 796 1660 834 1725; x_wconf 92' lang='lat' dir='ltr'>et</span> <span class='ocrx_word' id='word_1_83' title='bbox 847 1659 992 1739; x_wconf 84' lang='lat' dir='ltr'>pactum</span> <span class='ocrx_word' id='word_1_84' title='bbox 1010 1653 1112 1740; x_wconf 84' lang='lat' dir='ltr'>jure-</span> 
     </span>
     <span class='ocr_line' id='line_1_14' title="bbox 101 1749 1113 1838; baseline 0 -16"><span class='ocrx_word' id='word_1_85' title='bbox 101 1756 223 1822; x_wconf 91' lang='lat' dir='ltr'>mento</span> <span class='ocrx_word' id='word_1_86' title='bbox 248 1756 286 1822; x_wconf 90' lang='lat' dir='ltr'>et</span> <span class='ocrx_word' id='word_1_87' title='bbox 307 1749 488 1823; x_wconf 90' lang='lat' dir='ltr'>obsidibus</span> <span class='ocrx_word' id='word_1_88' title='bbox 504 1752 674 1824; x_wconf 79' lang='lat' dir='ltr'>firmaret.</span> <span class='ocrx_word' id='word_1_89' title='bbox 721 1751 890 1824; x_wconf 88' lang='lat' dir='ltr'>Proceres</span> <span class='ocrx_word' id='word_1_90' title='bbox 919 1757 1113 1838; x_wconf 86' lang='lat' dir='ltr'>procurant</span> 
     </span>
     <span class='ocr_line' id='line_1_15' title="bbox 100 1848 1112 1938; baseline 0.001 -17"><span class='ocrx_word' id='word_1_91' title='bbox 100 1856 144 1922; x_wconf 91' lang='lat' dir='ltr'>ut</span> <span class='ocrx_word' id='word_1_92' title='bbox 158 1848 227 1921; x_wconf 81' lang='lat' dir='ltr'>hac</span> <span class='ocrx_word' id='word_1_93' title='bbox 247 1849 446 1923; x_wconf 88' lang='lat' dir='ltr'>conditione</span> <span class='ocrx_word' id='word_1_94' title='bbox 467 1849 614 1923; x_wconf 87' lang='lat' dir='ltr'>Bellnus</span> <span class='ocrx_word' id='word_1_95' title='bbox 631 1849 851 1924; x_wconf 79' lang='lat' dir='ltr'>Guthlacum</span> <span class='ocrx_word' id='word_1_96' title='bbox 863 1875 981 1938; x_wconf 84' lang='lat' dir='ltr'>regem</span> <span class='ocrx_word' id='word_1_97' title='bbox 998 1849 1112 1922; x_wconf 87' lang='lat' dir='ltr'>Daco-</span> 
     </span>
     <span class='ocr_line' id='line_1_16' title="bbox 100 1947 1112 2023; baseline 0.002 -3"><span class='ocrx_word' id='word_1_98' title='bbox 100 1973 183 2020; x_wconf 87' lang='lat' dir='ltr'>rum</span> <span class='ocrx_word' id='word_1_99' title='bbox 197 1947 397 2021; x_wconf 89' lang='lat' dir='ltr'>emitteret:</span> <span class='ocrx_word' id='word_1_100' title='bbox 411 1956 449 2022; x_wconf 92' lang='lat' dir='ltr'>et</span> <span class='ocrx_word' id='word_1_101' title='bbox 461 1949 511 2022; x_wconf 90' lang='lat' dir='ltr'>sic</span> <span class='ocrx_word' id='word_1_102' title='bbox 523 1957 643 2023; x_wconf 84' lang='lat' dir='ltr'>ectum</span> <span class='ocrx_word' id='word_1_103' title='bbox 654 1956 720 2022; x_wconf 89' lang='lat' dir='ltr'>est.</span> <span class='ocrx_word' id='word_1_104' title='bbox 759 1949 895 2023; x_wconf 87' lang='lat' dir='ltr'>Videns</span> <span class='ocrx_word' id='word_1_105' title='bbox 908 1957 1028 2022; x_wconf 83' lang='lat' dir='ltr'>autem</span> <span class='ocrx_word' id='word_1_106' title='bbox 1044 1949 1112 2022; x_wconf 90' lang='lat' dir='ltr'>Be-</span> 
     </span>
     <span class='ocr_line' id='line_1_17' title="bbox 100 2047 1110 2135; baseline 0 -15"><span class='ocrx_word' id='word_1_107' title='bbox 100 2047 197 2120; x_wconf 87' lang='lat' dir='ltr'>linus</span> <span class='ocrx_word' id='word_1_108' title='bbox 210 2047 392 2135; x_wconf 85' lang='lat' dir='ltr'>quodjam</span> <span class='ocrx_word' id='word_1_109' title='bbox 413 2047 563 2122; x_wconf 84' lang='lat' dir='ltr'>haberet</span> <span class='ocrx_word' id='word_1_110' title='bbox 576 2049 689 2121; x_wconf 85' lang='lat' dir='ltr'>totius</span> <span class='ocrx_word' id='word_1_111' title='bbox 706 2047 903 2121; x_wconf 85' lang='lat' dir='ltr'>Britanniae</span> <span class='ocrx_word' id='word_1_112' title='bbox 914 2048 1110 2121; x_wconf 89' lang='lat' dir='ltr'>dominium</span> 
     </span>
     <span class='ocr_line' id='line_1_18' title="bbox 101 2145 1110 2235; baseline 0 -17"><span class='ocrx_word' id='word_1_113' title='bbox 101 2146 177 2219; x_wconf 90' lang='lat' dir='ltr'>sine</span> <span class='ocrx_word' id='word_1_114' title='bbox 191 2145 331 2234; x_wconf 87' lang='lat' dir='ltr'>timore,</span> <span class='ocrx_word' id='word_1_115' title='bbox 357 2154 525 2232; x_wconf 82' lang='lat' dir='ltr'>paternas</span> <span class='ocrx_word' id='word_1_116' title='bbox 546 2147 642 2235; x_wconf 76' lang='lat' dir='ltr'>leges</span> <span class='ocrx_word' id='word_1_117' title='bbox 659 2147 891 2234; x_wconf 83' lang='lat' dir='ltr'>confirmavit,</span> <span class='ocrx_word' id='word_1_118' title='bbox 914 2153 951 2218; x_wconf 89' lang='lat' dir='ltr'>et</span> <span class='ocrx_word' id='word_1_119' title='bbox 972 2147 1049 2218; x_wconf 84' lang='lat' dir='ltr'>vias</span> <span class='ocrx_word' id='word_1_120' title='bbox 1065 2145 1110 2218; x_wconf 85' lang='lat' dir='ltr'>ad</span> 
     </span>
     <span class='ocr_line' id='line_1_19' title="bbox 99 2244 1110 2334; baseline -0.002 -16"><span class='ocrx_word' id='word_1_121' title='bbox 99 2245 248 2332; x_wconf 85' lang='lat' dir='ltr'>templa,</span> <span class='ocrx_word' id='word_1_122' title='bbox 260 2269 304 2318; x_wconf 92' lang='lat' dir='ltr'>ne</span> <span class='ocrx_word' id='word_1_123' title='bbox 315 2246 753 2334; x_wconf 81' lang='lat' dir='ltr'>essentembignae‚queles</span> <span class='ocrx_word' id='word_1_124' title='bbox 766 2245 920 2333; x_wconf 84' lang='lat' dir='ltr'>fuerent,</span> <span class='ocrx_word' id='word_1_125' title='bbox 931 2244 1110 2331; x_wconf 85' lang='lat' dir='ltr'>lapidibus</span> 
     </span>
    </p>

    <p class='ocr_par' dir='ltr' id='par_1_4' title="bbox 1 2342 1110 2432">
     <span class='ocr_line' id='line_1_20' title="bbox 1 2342 1110 2432; baseline -0.001 -16"><span class='ocrx_word' id='word_1_126' title='bbox 1 2387 2 2394; x_wconf 24' lang='grc' dir='ltr'><strong>κ</strong></span> <span class='ocrx_word' id='word_1_127' title='bbox 101 2343 235 2416; x_wconf 75' lang='lat' dir='ltr'>stravit</span> <span class='ocrx_word' id='word_1_128' title='bbox 256 2366 320 2429; x_wconf 85' lang='lat' dir='ltr'>per</span> <span class='ocrx_word' id='word_1_129' title='bbox 330 2342 588 2432; x_wconf 77' lang='lat' dir='ltr'>longitudinem</span> <span class='ocrx_word' id='word_1_130' title='bbox 603 2345 750 2432; x_wconf 80' lang='lat' dir='ltr'>insulee3</span> <span class='ocrx_word' id='word_1_131' title='bbox 772 2344 854 2416; x_wconf 88' lang='lat' dir='ltr'>illas</span> <span class='ocrx_word' id='word_1_132' title='bbox 869 2343 965 2431; x_wconf 83' lang='lat' dir='ltr'>leges</span> <span class='ocrx_word' id='word_1_133' title='bbox 978 2342 1110 2416; x_wconf 86' lang='lat' dir='ltr'>statuit</span> 
     </span>
    </p>
   </div>
   <div class='ocr_carea' id='block_1_3' title="bbox 98 2440 1110 2604">
    <p class='ocr_par' dir='ltr' id='par_1_5' title="bbox 98 2440 1110 2604">
     <span class='ocr_line' id='line_1_21' title="bbox 100 2440 1110 2530; baseline -0.001 -16"><span class='ocrx_word' id='word_1_134' title='bbox 100 2467 189 2529; x_wconf 86' lang='lat' dir='ltr'>quas</span> <span class='ocrx_word' id='word_1_135' title='bbox 203 2440 329 2515; x_wconf 81' lang='lat' dir='ltr'>Gildas</span> <span class='ocrx_word' id='word_1_136' title='bbox 341 2442 533 2516; x_wconf 85' lang='lat' dir='ltr'>historicus</span> <span class='ocrx_word' id='word_1_137' title='bbox 545 2449 582 2516; x_wconf 96' lang='lat' dir='ltr'>et</span> <span class='ocrx_word' id='word_1_138' title='bbox 592 2450 698 2530; x_wconf 80' lang='lat' dir='ltr'>poeta</span> <span class='ocrx_word' id='word_1_139' title='bbox 708 2442 951 2516; x_wconf 87' lang='lat' dir='ltr'>nobilissimus</span> <span class='ocrx_word' id='word_1_140' title='bbox 967 2465 1110 2514; x_wconf 88' lang='lat' dir='ltr'>conver·-</span> 
     </span>
     <span class='ocr_line' id='line_1_22' title="bbox 98 2528 1109 2604; baseline -0.001 -3"><span class='ocrx_word' id='word_1_141' title='bbox 98 2529 148 2601; x_wconf 80' lang='lat' dir='ltr'>tit</span> <span class='ocrx_word' id='word_1_142' title='bbox 170 2529 207 2599; x_wconf 92' lang='lat' dir='ltr'>in</span> <span class='ocrx_word' id='word_1_143' title='bbox 231 2528 425 2601; x_wconf 83' lang='lat' dir='ltr'>Latinum:</span> <span class='ocrx_word' id='word_1_144' title='bbox 450 2530 532 2604; x_wconf 88' lang='lat' dir='ltr'>Rex</span> <span class='ocrx_word' id='word_1_145' title='bbox 552 2554 637 2603; x_wconf 81' lang='lat' dir='ltr'>vero</span> <span class='ocrx_word' id='word_1_146' title='bbox 663 2530 845 2602; x_wconf 87' lang='lat' dir='ltr'>Aluredus</span> <span class='ocrx_word' id='word_1_147' title='bbox 868 2529 910 2601; x_wconf 90' lang='lat' dir='ltr'>de</span> <span class='ocrx_word' id='word_1_148' title='bbox 927 2528 1056 2601; x_wconf 84' lang='lat' dir='ltr'>Latino</span> <span class='ocrx_word' id='word_1_149' title='bbox 1070 2528 1109 2601; x_wconf 94' lang='lat' dir='ltr'>in</span> 
     </span>
    </p>
   </div>
   <div class='ocr_carea' id='block_1_4' title="bbox 98 2626 1109 2901">
    <p class='ocr_par' dir='ltr' id='par_1_6' title="bbox 98 2626 1109 2901">
     <span class='ocr_line' id='line_1_23' title="bbox 102 2626 1109 2716; baseline -0.003 -16"><span class='ocrx_word' id='word_1_150' title='bbox 102 2627 295 2716; x_wconf 81' lang='lat' dir='ltr'>Angh&#39;cum</span> <span class='ocrx_word' id='word_1_151' title='bbox 311 2652 508 2702; x_wconf 88' lang='lat' dir='ltr'>sermonem</span> <span class='ocrx_word' id='word_1_152' title='bbox 519 2629 720 2702; x_wconf 87' lang='lat' dir='ltr'>transtulit.</span> <span class='ocrx_word' id='word_1_153' title='bbox 751 2628 914 2701; x_wconf 90' lang='lat' dir='ltr'>Brennus</span> <span class='ocrx_word' id='word_1_154' title='bbox 926 2634 1046 2700; x_wconf 84' lang='lat' dir='ltr'>autem</span> <span class='ocrx_word' id='word_1_155' title='bbox 1058 2626 1109 2698; x_wconf 88' lang='lat' dir='ltr'>sic</span> 
     </span>
     <span class='ocr_line' id='line_1_24' title="bbox 99 2723 1109 2815; baseline 0 -17"><span class='ocrx_word' id='word_1_156' title='bbox 99 2726 285 2814; x_wconf 81' lang='lat' dir='ltr'>fatigatus,</span> <span class='ocrx_word' id='word_1_157' title='bbox 301 2723 563 2802; x_wconf 82' lang='lat' dir='ltr'>deorevitiread</span> <span class='ocrx_word' id='word_1_158' title='bbox 571 2728 749 2815; x_wconf 84' lang='lat' dir='ltr'>principes</span> <span class='ocrx_word' id='word_1_159' title='bbox 759 2726 970 2814; x_wconf 84' lang='lat' dir='ltr'>Galliarum,</span> <span class='ocrx_word' id='word_1_160' title='bbox 979 2726 1109 2799; x_wconf 71' lang='lat' dir='ltr'>duode·</span> 
     </span>
     <span class='ocr_line' id='line_1_25' title="bbox 98 2824 874 2901; baseline 0 -4"><span class='ocrx_word' id='word_1_161' title='bbox 98 2824 169 2898; x_wconf 93' lang='lat' dir='ltr'>cim</span> <span class='ocrx_word' id='word_1_162' title='bbox 183 2825 360 2898; x_wconf 80' lang='lat' dir='ltr'>militibus</span> <span class='ocrx_word' id='word_1_163' title='bbox 372 2827 591 2901; x_wconf 90' lang='lat' dir='ltr'>solummodo</span> <span class='ocrx_word' id='word_1_164' title='bbox 611 2826 874 2900; x_wconf 81' lang='lat' dir='ltr'>comitantibus</span> 
     </span>
    </p>
   </div>
   <div class='ocr_carea' id='block_1_5' title="bbox 1 3022 1109 3228">
    <p class='ocr_par' dir='ltr' id='par_1_7' title="bbox 1 3022 1109 3241">
     <span class='ocr_line' id='line_1_26' title="bbox 175 3022 1109 3123; baseline -0.003 -24"><span class='ocrx_word' id='word_1_165' title='bbox 175 3073 314 3117; x_wconf 38' lang='grc' dir='ltr'><em>ρ</em></span> <span class='ocrx_word' id='word_1_166' title='bbox 336 3106 347 3123; x_wconf 23' lang='grc' dir='ltr'><em>Α</em></span> <span class='ocrx_word' id='word_1_167' title='bbox 387 3047 444 3099; x_wconf 82' lang='lat' dir='ltr'>um</span> <span class='ocrx_word' id='word_1_168' title='bbox 460 3033 581 3099; x_wconf 86' lang='lat' dir='ltr'>eutem</span> <span class='ocrx_word' id='word_1_169' title='bbox 597 3049 700 3098; x_wconf 89' lang='lat' dir='ltr'>nemo</span> <span class='ocrx_word' id='word_1_170' title='bbox 711 3023 745 3096; x_wconf 92' lang='lat' dir='ltr'>ei</span> <span class='ocrx_word' id='word_1_171' title='bbox 762 3029 994 3112; x_wconf 73' lang='lat' dir='ltr'>succurreret,</span> <span class='ocrx_word' id='word_1_172' title='bbox 1009 3022 1109 3097; x_wconf 84' lang='lat' dir='ltr'>venit</span> 
     </span>
     <span class='ocr_line' id='line_1_27' title="bbox 1 3122 1109 3228; baseline -0.01 -22"><span class='ocrx_word' id='word_1_173' title='bbox 1 3129 2 3206; x_wconf 71' lang='lat' dir='ltr'>J</span> <span class='ocrx_word' id='word_1_174' title='bbox 141 3122 197 3228; x_wconf 53' lang='grc' dir='ltr'><em>ἶ</em></span> <span class='ocrx_word' id='word_1_175' title='bbox 313 3127 344 3132; x_wconf 65' lang='grc'><em>”</em></span> <span class='ocrx_word' id='word_1_176' title='bbox 385 3125 531 3199; x_wconf 85' lang='lat' dir='ltr'>tandem</span> <span class='ocrx_word' id='word_1_177' title='bbox 547 3124 593 3197; x_wconf 77' lang='lat' dir='ltr'>sd</span> <span class='ocrx_word' id='word_1_178' title='bbox 608 3122 777 3212; x_wconf 78' lang='lat' dir='ltr'>Seginum</span> <span class='ocrx_word' id='word_1_179' title='bbox 800 3122 924 3195; x_wconf 90' lang='lat' dir='ltr'>ducem</span> <span class='ocrx_word' id='word_1_180' title='bbox 941 3122 1109 3195; x_wconf 89' lang='lat' dir='ltr'>Allobro-</span> 
     </span>
    </p>
   </div>
   <div class='ocr_carea' id='block_1_6' title="bbox 1 3319 1109 4010">
    <p class='ocr_par' dir='ltr' id='par_1_8' title="bbox 260 3319 1107 3419">
     <span class='ocr_line' id='line_1_28' title="bbox 260 3319 1107 3415; baseline -0.006 -18"><span class='ocrx_word' id='word_1_181' title='bbox 260 3366 303 3415; x_wconf 66' lang='lat'>5</span> <span class='ocrx_word' id='word_1_182' title='bbox 347 3359 351 3410; x_wconf 81' lang='grc' dir='ltr'><em>ς</em></span> <span class='ocrx_word' id='word_1_183' title='bbox 388 3323 446 3396; x_wconf 90' lang='lat' dir='ltr'>cui</span> <span class='ocrx_word' id='word_1_184' title='bbox 461 3321 624 3395; x_wconf 87' lang='lat' dir='ltr'>Brennus</span> <span class='ocrx_word' id='word_1_185' title='bbox 647 3320 700 3393; x_wconf 85' lang='lat' dir='ltr'>ita</span> <span class='ocrx_word' id='word_1_186' title='bbox 715 3343 818 3394; x_wconf 83' lang='lat' dir='ltr'>cerus</span> <span class='ocrx_word' id='word_1_187' title='bbox 839 3319 920 3406; x_wconf 68' lang='lat' dir='ltr'>fnit</span> <span class='ocrx_word' id='word_1_188' title='bbox 946 3327 989 3390; x_wconf 93' lang='lat' dir='ltr'>ut</span> <span class='ocrx_word' id='word_1_189' title='bbox 1003 3345 1107 3392; x_wconf 89' lang='lat' dir='ltr'>nemo</span> 
     </span>
    </p>

    <p class='ocr_par' dir='ltr' id='par_1_9' title="bbox 1 3415 1109 4010">
     <span class='ocr_line' id='line_1_29' title="bbox 1 3417 1109 3508; baseline -0.013 -4"><span class='ocrx_word' id='word_1_190' title='bbox 1 3501 2 3504; x_wconf 74' lang='grc'>,</span> <span class='ocrx_word' id='word_1_191' title='bbox 55 3481 57 3484; x_wconf 93' lang='grc'>-</span> <span class='ocrx_word' id='word_1_192' title='bbox 119 3446 129 3501; x_wconf 72' lang='lat'>⁵.</span> <span class='ocrx_word' id='word_1_193' title='bbox 266 3423 269 3428; x_wconf 75' lang='grc'>’</span> <span class='ocrx_word' id='word_1_194' title='bbox 387 3422 421 3495; x_wconf 93' lang='lat' dir='ltr'>ei</span> <span class='ocrx_word' id='word_1_195' title='bbox 460 3421 709 3508; x_wconf 70' lang='lat' dir='ltr'>praeferretur:</span> <span class='ocrx_word' id='word_1_196' title='bbox 743 3417 795 3490; x_wconf 91' lang='lat' dir='ltr'>ito</span> <span class='ocrx_word' id='word_1_197' title='bbox 815 3424 858 3490; x_wconf 85' lang='lat' dir='ltr'>ut</span> <span class='ocrx_word' id='word_1_198' title='bbox 891 3417 1020 3504; x_wconf 82' lang='lat' dir='ltr'>omnia,</span> <span class='ocrx_word' id='word_1_199' title='bbox 1050 3417 1109 3490; x_wconf 78' lang='lat' dir='ltr'>vel</span> 
     </span>
     <span class='ocr_line' id='line_1_30' title="bbox 1 3515 1109 3609; baseline -0.009 -11"><span class='ocrx_word' id='word_1_200' title='bbox 1 3537 2 3540; x_wconf 75' lang='grc'>’</span> <span class='ocrx_word' id='word_1_201' title='bbox 311 3526 361 3595; x_wconf 47' lang='lat' dir='ltr'>ts</span> <span class='ocrx_word' id='word_1_202' title='bbox 387 3546 484 3609; x_wconf 80' lang='lat' dir='ltr'>pace,</span> <span class='ocrx_word' id='word_1_203' title='bbox 507 3519 564 3592; x_wconf 83' lang='lat' dir='ltr'>vel</span> <span class='ocrx_word' id='word_1_204' title='bbox 585 3518 680 3591; x_wconf 91' lang='lat' dir='ltr'>bello</span> <span class='ocrx_word' id='word_1_205' title='bbox 702 3515 836 3589; x_wconf 87' lang='lat' dir='ltr'>Brenni</span> <span class='ocrx_word' id='word_1_206' title='bbox 851 3540 1109 3603; x_wconf 81' lang='lat' dir='ltr'>curagereren-</span> 
     </span>
     <span class='ocr_line' id='line_1_31' title="bbox 99 3615 1109 3710; baseline -0.014 -10"><span class='ocrx_word' id='word_1_207' title='bbox 99 3634 178 3700; x_wconf 88' lang='lat' dir='ltr'>tur:</span> <span class='ocrx_word' id='word_1_208' title='bbox 203 3625 390 3699; x_wconf 79' lang='lat' dir='ltr'>eratenim</span> <span class='ocrx_word' id='word_1_209' title='bbox 411 3621 559 3710; x_wconf 86' lang='lat' dir='ltr'>pulcher</span> <span class='ocrx_word' id='word_1_210' title='bbox 570 3624 725 3706; x_wconf 80' lang='lat' dir='ltr'>aspectu,</span> <span class='ocrx_word' id='word_1_211' title='bbox 740 3640 885 3703; x_wconf 84' lang='lat' dir='ltr'>procera</span> <span class='ocrx_word' id='word_1_212' title='bbox 904 3623 941 3688; x_wconf 93' lang='lat' dir='ltr'>et</span> <span class='ocrx_word' id='word_1_213' title='bbox 963 3615 1109 3703; x_wconf 81' lang='lat' dir='ltr'>gracilia</span> 
     </span>
     <span class='ocr_line' id='line_1_32' title="bbox 100 3713 1108 3802; baseline -0.014 -3.431"><span class='ocrx_word' id='word_1_214' title='bbox 100 3728 260 3799; x_wconf 86' lang='lat' dir='ltr'>membre</span> <span class='ocrx_word' id='word_1_215' title='bbox 273 3725 418 3798; x_wconf 89' lang='lat' dir='ltr'>habens.</span> <span class='ocrx_word' id='word_1_216' title='bbox 466 3719 558 3793; x_wconf 83' lang='lat' dir='ltr'>Cum</span> <span class='ocrx_word' id='word_1_217' title='bbox 585 3718 637 3790; x_wconf 83' lang='lat' dir='ltr'>ite</span> <span class='ocrx_word' id='word_1_218' title='bbox 659 3722 755 3789; x_wconf 89' lang='lat' dir='ltr'>esset</span> <span class='ocrx_word' id='word_1_219' title='bbox 777 3714 950 3802; x_wconf 80' lang='lat' dir='ltr'>amabilis,</span> <span class='ocrx_word' id='word_1_220' title='bbox 978 3714 1051 3786; x_wconf 85' lang='lat' dir='ltr'>dux</span> <span class='ocrx_word' id='word_1_221' title='bbox 1074 3713 1108 3786; x_wconf 91' lang='lat' dir='ltr'>ei</span> 
     </span>
     <span class='ocr_line' id='line_1_33' title="bbox 1 3813 1109 3906; baseline -0.015 -7"><span class='ocrx_word' id='word_1_222' title='bbox 1 3825 2 3830; x_wconf 64' lang='grc'>’</span> <span class='ocrx_word' id='word_1_223' title='bbox 100 3825 242 3897; x_wconf 84' lang='lat' dir='ltr'>unicam</span> <span class='ocrx_word' id='word_1_224' title='bbox 257 3824 369 3895; x_wconf 84' lang='lat' dir='ltr'>filiam</span> <span class='ocrx_word' id='word_1_225' title='bbox 390 3821 641 3906; x_wconf 84' lang='lat' dir='ltr'>desponsatam</span> <span class='ocrx_word' id='word_1_226' title='bbox 660 3816 790 3888; x_wconf 83' lang='lat' dir='ltr'>habere</span> <span class='ocrx_word' id='word_1_227' title='bbox 811 3813 944 3885; x_wconf 82' lang='lat' dir='ltr'>voluit:</span> <span class='ocrx_word' id='word_1_228' title='bbox 967 3813 1034 3884; x_wconf 85' lang='lat' dir='ltr'>hec</span> <span class='ocrx_word' id='word_1_229' title='bbox 1053 3820 1109 3884; x_wconf 85' lang='lat' dir='ltr'>ta-</span> 
     </span>
     <span class='ocr_line' id='line_1_34' title="bbox 100 3911 1107 4010; baseline -0.015 -12.522"><span class='ocrx_word' id='word_1_230' title='bbox 100 3950 181 3997; x_wconf 92' lang='lat' dir='ltr'>men</span> <span class='ocrx_word' id='word_1_231' title='bbox 203 3922 412 4010; x_wconf 81' lang='lat' dir='ltr'>conditione‚</span> <span class='ocrx_word' id='word_1_232' title='bbox 451 3920 481 3993; x_wconf 88' lang='lat' dir='ltr'>si</span> <span class='ocrx_word' id='word_1_233' title='bbox 502 3915 670 3990; x_wconf 84' lang='lat' dir='ltr'>masculis</span> <span class='ocrx_word' id='word_1_234' title='bbox 697 3919 844 4001; x_wconf 83' lang='lat' dir='ltr'>careret,</span> <span class='ocrx_word' id='word_1_235' title='bbox 863 3919 945 3999; x_wconf 85' lang='lat' dir='ltr'>post</span> <span class='ocrx_word' id='word_1_236' title='bbox 971 3911 1107 3984; x_wconf 90' lang='lat' dir='ltr'>obitum</span> 
     </span>
    </p>
   </div>
   <div class='ocr_carea' id='block_1_7' title="bbox 1 4009 1108 4113">
    <p class='ocr_par' dir='ltr' id='par_1_10' title="bbox 1 4009 1108 4113">
     <span class='ocr_line' id='line_1_35' title="bbox 1 4009 1108 4113; baseline -0.014 -15"><span class='ocrx_word' id='word_1_237' title='bbox 1 4009 2 4032; x_wconf 60' lang='lat'>³</span> <span class='ocrx_word' id='word_1_238' title='bbox 101 4023 236 4098; x_wconf 90' lang='lat' dir='ltr'>Brenni</span> <span class='ocrx_word' id='word_1_239' title='bbox 252 4048 401 4113; x_wconf 80' lang='lat' dir='ltr'>regnum</span> <span class='ocrx_word' id='word_1_240' title='bbox 416 4019 557 4095; x_wconf 89' lang='lat' dir='ltr'>cederet</span> <span class='ocrx_word' id='word_1_241' title='bbox 573 4013 837 4101; x_wconf 81' lang='lat' dir='ltr'>Allobrogibus,</span> <span class='ocrx_word' id='word_1_242' title='bbox 860 4011 922 4098; x_wconf 90' lang='lat' dir='ltr'>qui</span> <span class='ocrx_word' id='word_1_243' title='bbox 943 4037 1036 4084; x_wconf 92' lang='lat' dir='ltr'>nunc</span> <span class='ocrx_word' id='word_1_244' title='bbox 1056 4010 1108 4083; x_wconf 83' lang='lat' dir='ltr'>di-</span> 
     </span>
    </p>
   </div>
   <div class='ocr_carea' id='block_1_8' title="bbox 0 0 1440 4876">
    <p class='ocr_par' dir='ltr' id='par_1_11' title="bbox 0 0 1440 4876">
     <span class='ocr_line' id='line_1_36' title="bbox 0 0 1440 4876; baseline 0 0"><span class='ocrx_word' id='word_1_245' title='bbox 0 0 1440 4876; x_wconf 95' lang='lat' dir='ltr'> </span> 
     </span>
    </p>
   </div>
  </div>
 </body>
</html>
