<?xml version="1.0" encoding="UTF-8"?>
<!DOCTYPE html PUBLIC "-//W3C//DTD XHTML 1.0 Transitional//EN"
    "http://www.w3.org/TR/xhtml1/DTD/xhtml1-transitional.dtd">
<html xmlns="http://www.w3.org/1999/xhtml" xml:lang="en" lang="en">
 <head>
  <title>
</title>
<meta http-equiv="Content-Type" content="text/html;charset=utf-8" />
  <meta name='ocr-system' content='tesseract 3.04.00' />
  <meta name='ocr-capabilities' content='ocr_page ocr_carea ocr_par ocr_line ocrx_word'/>
</head>
<body>
  <div class='ocr_page' id='page_1' title='image "./galfredimonumet00virugoog_0206.png"; bbox 0 0 2848 4888; ppageno 0'>
   <div class='ocr_carea' id='block_1_1' title="bbox 248 452 923 521">
    <p class='ocr_par' dir='ltr' id='par_1_1' title="bbox 248 452 923 521">
     <span class='ocr_line' id='line_1_1' title="bbox 248 452 923 521; baseline 0.01 -8"><span class='ocrx_word' id='word_1_1' title='bbox 248 452 307 515; x_wconf 85' lang='grc'>176</span> <span class='ocrx_word' id='word_1_2' title='bbox 550 474 662 521; x_wconf 73' lang='lat' dir='ltr'>omna.</span> <span class='ocrx_word' id='word_1_3' title='bbox 684 476 923 520; x_wconf 80' lang='lat' dir='ltr'>nonuuarnrsrs</span> 
     </span>
    </p>
   </div>
   <div class='ocr_carea' id='block_1_2' title="bbox 266 699 1229 878">
    <p class='ocr_par' dir='ltr' id='par_1_2' title="bbox 266 699 1229 878">
     <span class='ocr_line' id='line_1_2' title="bbox 266 699 1229 780; baseline 0.01 -22"><span class='ocrx_word' id='word_1_4' title='bbox 266 699 280 780; x_wconf 82' lang='lat'>§</span> <span class='ocrx_word' id='word_1_5' title='bbox 303 700 351 760; x_wconf 89' lang='lat'>16.</span> <span class='ocrx_word' id='word_1_6' title='bbox 373 719 524 776; x_wconf 70' lang='lat' dir='ltr'>seruans,</span> <span class='ocrx_word' id='word_1_7' title='bbox 545 720 692 766; x_wconf 77' lang='lat' dir='ltr'>coneum</span> <span class='ocrx_word' id='word_1_8' title='bbox 719 723 843 778; x_wconf 74' lang='lat' dir='ltr'>anano,</span> <span class='ocrx_word' id='word_1_9' title='bbox 866 723 1007 766; x_wconf 73' lang='lat' dir='ltr'>arnonus</span> <span class='ocrx_word' id='word_1_10' title='bbox 1027 724 1088 766; x_wconf 71' lang='lat' dir='ltr'>aar</span> <span class='ocrx_word' id='word_1_11' title='bbox 1109 724 1229 767; x_wconf 74' lang='lat' dir='ltr'>vum</span> 
     </span>
     <span class='ocr_line' id='line_1_3' title="bbox 548 827 953 878; baseline 0.002 -8"><span class='ocrx_word' id='word_1_12' title='bbox 548 827 623 878; x_wconf 79' lang='lat' dir='ltr'>oum</span> <span class='ocrx_word' id='word_1_13' title='bbox 645 828 794 870; x_wconf 81' lang='lat' dir='ltr'>suurunr</span> <span class='ocrx_word' id='word_1_14' title='bbox 815 829 953 872; x_wconf 78' lang='lat' dir='ltr'>mecvm.</span> 
     </span>
    </p>
   </div>
   <div class='ocr_carea' id='block_1_3' title="bbox 196 939 1254 3184">
    <p class='ocr_par' dir='ltr' id='par_1_3' title="bbox 257 939 1253 1219">
     <span class='ocr_line' id='line_1_4' title="bbox 264 939 1253 1027; baseline -0.003 -18"><span class='ocrx_word' id='word_1_15' title='bbox 264 984 276 1027; x_wconf 30' lang='lat'>4,</span> <span class='ocrx_word' id='word_1_16' title='bbox 548 939 745 1006; x_wconf 86' lang='lat' dir='ltr'>ONsocll</span> <span class='ocrx_word' id='word_1_17' title='bbox 758 942 1253 1026; x_wconf 84' lang='lat' dir='ltr'>(inquit)adversitatisetpres-</span> 
     </span>
     <span class='ocr_line' id='line_1_5' title="bbox 417 1040 1252 1161; baseline 0.003 -58.518"><span class='ocrx_word' id='word_1_18' title='bbox 417 1096 485 1161; x_wconf 28' lang='grc' dir='ltr'>ἢν</span> <span class='ocrx_word' id='word_1_19' title='bbox 545 1040 702 1122; x_wconf 88' lang='lat' dir='ltr'>peritatis,</span> <span class='ocrx_word' id='word_1_20' title='bbox 728 1063 865 1124; x_wconf 91' lang='lat' dir='ltr'>quorum</span> <span class='ocrx_word' id='word_1_21' title='bbox 888 1042 1067 1124; x_wconf 80' lang='lat' dir='ltr'>probitates</span> <span class='ocrx_word' id='word_1_22' title='bbox 1091 1041 1252 1106; x_wconf 85' lang='lat' dir='ltr'>hactenus</span> 
     </span>
     <span class='ocr_line' id='line_1_6' title="bbox 545 1139 1251 1214; baseline 0.002 -12.621"><span class='ocrx_word' id='word_1_23' title='bbox 545 1147 579 1201; x_wconf 89' lang='lat' dir='ltr'>et</span> <span class='ocrx_word' id='word_1_24' title='bbox 607 1139 641 1201; x_wconf 93' lang='lat' dir='ltr'>in</span> <span class='ocrx_word' id='word_1_25' title='bbox 668 1139 783 1202; x_wconf 91' lang='lat' dir='ltr'>dandis</span> <span class='ocrx_word' id='word_1_26' title='bbox 812 1139 964 1214; x_wconf 71' lang='lat' dir='ltr'>oonsiliIs,</span> <span class='ocrx_word' id='word_1_27' title='bbox 995 1149 1029 1203; x_wconf 92' lang='lat' dir='ltr'>et</span> <span class='ocrx_word' id='word_1_28' title='bbox 1058 1139 1093 1202; x_wconf 91' lang='lat' dir='ltr'>in</span> <span class='ocrx_word' id='word_1_29' title='bbox 1124 1139 1251 1203; x_wconf 87' lang='lat' dir='ltr'>militiis</span> 
     </span>
    </p>

    <p class='ocr_par' dir='ltr' id='par_1_4' title="bbox 346 1237 1251 1369">
     <span class='ocr_line' id='line_1_7' title="bbox 346 1237 1251 1369; baseline 0.002 -70"><span class='ocrx_word' id='word_1_30' title='bbox 346 1266 379 1325; x_wconf 31' lang='grc' dir='ltr'>ὥς</span> <span class='ocrx_word' id='word_1_31' title='bbox 409 1262 464 1369; x_wconf 46' lang='lat' dir='ltr'>,sap</span> <span class='ocrx_word' id='word_1_32' title='bbox 545 1237 681 1322; x_wconf 85' lang='lat' dir='ltr'>agendis</span> <span class='ocrx_word' id='word_1_33' title='bbox 700 1246 855 1321; x_wconf 80' lang='lat' dir='ltr'>expertus</span> <span class='ocrx_word' id='word_1_34' title='bbox 871 1259 962 1302; x_wconf 90' lang='lat' dir='ltr'>sum:</span> <span class='ocrx_word' id='word_1_35' title='bbox 994 1237 1149 1302; x_wconf 88' lang='lat' dir='ltr'>adhibete</span> <span class='ocrx_word' id='word_1_36' title='bbox 1163 1258 1251 1301; x_wconf 91' lang='lat' dir='ltr'>nunc</span> 
     </span>
    </p>

    <p class='ocr_par' dir='ltr' id='par_1_5' title="bbox 196 1320 1254 3184">
     <span class='ocr_line' id='line_1_8' title="bbox 268 1320 1250 1418; baseline 0.001 -22"><span class='ocrx_word' id='word_1_37' title='bbox 268 1330 270 1345; x_wconf 69' lang='lat'><em>¹</em></span> <span class='ocrx_word' id='word_1_38' title='bbox 294 1336 322 1417; x_wconf 51' lang='lat' dir='ltr'>g,</span> <span class='ocrx_word' id='word_1_39' title='bbox 357 1340 412 1407; x_wconf 49' lang='lat' dir='ltr'>a,</span> <span class='ocrx_word' id='word_1_40' title='bbox 440 1320 500 1407; x_wconf 90' lang='grc' dir='ltr'>Ξ</span> <span class='ocrx_word' id='word_1_41' title='bbox 545 1335 741 1398; x_wconf 89' lang='lat' dir='ltr'>unanimiter</span> <span class='ocrx_word' id='word_1_42' title='bbox 756 1357 872 1400; x_wconf 88' lang='lat' dir='ltr'>sensus</span> <span class='ocrx_word' id='word_1_43' title='bbox 883 1344 1020 1410; x_wconf 73' lang='lat' dir='ltr'>vestros</span> <span class='ocrx_word' id='word_1_44' title='bbox 1037 1342 1071 1398; x_wconf 93' lang='lat' dir='ltr'>et</span> <span class='ocrx_word' id='word_1_45' title='bbox 1085 1335 1250 1418; x_wconf 80' lang='lat' dir='ltr'>sapienter</span> 
     </span>
     <span class='ocr_line' id='line_1_9' title="bbox 352 1430 1250 1518; baseline 0.002 -23.94"><span class='ocrx_word' id='word_1_46' title='bbox 352 1458 362 1461; x_wconf 52' lang='grc'>·’</span> <span class='ocrx_word' id='word_1_47' title='bbox 468 1468 470 1473; x_wconf 68' lang='lat'>,</span> <span class='ocrx_word' id='word_1_48' title='bbox 495 1430 508 1455; x_wconf 78' lang='grc'>’·</span> <span class='ocrx_word' id='word_1_49' title='bbox 544 1431 720 1514; x_wconf 85' lang='lat' dir='ltr'>praevidete</span> <span class='ocrx_word' id='word_1_50' title='bbox 735 1455 808 1518; x_wconf 83' lang='lat' dir='ltr'>quae</span> <span class='ocrx_word' id='word_1_51' title='bbox 824 1454 922 1516; x_wconf 89' lang='lat' dir='ltr'>super</span> <span class='ocrx_word' id='word_1_52' title='bbox 944 1433 1063 1496; x_wconf 88' lang='lat' dir='ltr'>talibus</span> <span class='ocrx_word' id='word_1_53' title='bbox 1085 1432 1250 1497; x_wconf 88' lang='lat' dir='ltr'>mandatis</span> 
     </span>
     <span class='ocr_line' id='line_1_10' title="bbox 247 1531 1251 1617; baseline -0.002 -19"><span class='ocrx_word' id='word_1_54' title='bbox 247 1534 341 1598; x_wconf 89' lang='lat' dir='ltr'>nobis</span> <span class='ocrx_word' id='word_1_55' title='bbox 357 1553 428 1596; x_wconf 89' lang='lat' dir='ltr'>esse</span> <span class='ocrx_word' id='word_1_56' title='bbox 442 1531 569 1616; x_wconf 87' lang='lat' dir='ltr'>agenda</span> <span class='ocrx_word' id='word_1_57' title='bbox 582 1532 747 1596; x_wconf 86' lang='lat' dir='ltr'>noveritis.</span> <span class='ocrx_word' id='word_1_58' title='bbox 794 1531 961 1617; x_wconf 78' lang='lat' dir='ltr'>Quicquid</span> <span class='ocrx_word' id='word_1_59' title='bbox 972 1532 1057 1596; x_wconf 88' lang='lat' dir='ltr'>enim</span> <span class='ocrx_word' id='word_1_60' title='bbox 1068 1553 1089 1594; x_wconf 89' lang='lat' dir='ltr'>a</span> <span class='ocrx_word' id='word_1_61' title='bbox 1104 1532 1251 1616; x_wconf 80' lang='lat' dir='ltr'>sapiente</span> 
     </span>
     <span class='ocr_line' id='line_1_11' title="bbox 249 1628 1252 1714; baseline 0.001 -21"><span class='ocrx_word' id='word_1_62' title='bbox 249 1630 421 1714; x_wconf 87' lang='lat' dir='ltr'>diligenter</span> <span class='ocrx_word' id='word_1_63' title='bbox 436 1629 644 1711; x_wconf 77' lang='lat' dir='ltr'>praevidetur,</span> <span class='ocrx_word' id='word_1_64' title='bbox 668 1651 743 1693; x_wconf 89' lang='lat' dir='ltr'>cum</span> <span class='ocrx_word' id='word_1_65' title='bbox 766 1631 808 1695; x_wconf 87' lang='lat' dir='ltr'>ed</span> <span class='ocrx_word' id='word_1_66' title='bbox 830 1637 940 1694; x_wconf 86' lang='lat' dir='ltr'>actum</span> <span class='ocrx_word' id='word_1_67' title='bbox 965 1629 1100 1704; x_wconf 89' lang='lat' dir='ltr'>accedit,</span> <span class='ocrx_word' id='word_1_68' title='bbox 1122 1628 1252 1694; x_wconf 83' lang='lat' dir='ltr'>facilius</span> 
     </span>
     <span class='ocr_line' id='line_1_12' title="bbox 247 1726 1252 1813; baseline 0 -22"><span class='ocrx_word' id='word_1_69' title='bbox 247 1729 418 1792; x_wconf 89' lang='lat' dir='ltr'>toleratur.</span> <span class='ocrx_word' id='word_1_70' title='bbox 465 1726 603 1790; x_wconf 84' lang='lat' dir='ltr'>Facilius</span> <span class='ocrx_word' id='word_1_71' title='bbox 619 1749 698 1812; x_wconf 85' lang='lat' dir='ltr'>ergo</span> <span class='ocrx_word' id='word_1_72' title='bbox 713 1729 981 1813; x_wconf 81' lang='lat' dir='ltr'>inquietationem</span> <span class='ocrx_word' id='word_1_73' title='bbox 997 1727 1093 1793; x_wconf 91' lang='lat' dir='ltr'>Lucii</span> <span class='ocrx_word' id='word_1_74' title='bbox 1108 1729 1252 1791; x_wconf 84' lang='lat' dir='ltr'>tolerare</span> 
     </span>
     <span class='ocr_line' id='line_1_13' title="bbox 247 1824 1252 1909; baseline 0.003 -23"><span class='ocrx_word' id='word_1_75' title='bbox 247 1824 437 1908; x_wconf 88' lang='lat' dir='ltr'>poterimus,</span> <span class='ocrx_word' id='word_1_76' title='bbox 460 1825 487 1888; x_wconf 91' lang='lat' dir='ltr'>si</span> <span class='ocrx_word' id='word_1_77' title='bbox 511 1827 673 1890; x_wconf 91' lang='lat' dir='ltr'>communi</span> <span class='ocrx_word' id='word_1_78' title='bbox 696 1827 805 1891; x_wconf 88' lang='lat' dir='ltr'>studio</span> <span class='ocrx_word' id='word_1_79' title='bbox 835 1826 1051 1909; x_wconf 73' lang='lat' dir='ltr'>praemeditati</span> <span class='ocrx_word' id='word_1_80' title='bbox 1079 1824 1252 1900; x_wconf 89' lang='lat' dir='ltr'>fuerimus,</span> 
     </span>
     <span class='ocr_line' id='line_1_14' title="bbox 248 1920 1253 2005; baseline 0 -19"><span class='ocrx_word' id='word_1_81' title='bbox 248 1921 366 2005; x_wconf 88' lang='lat' dir='ltr'>quibus</span> <span class='ocrx_word' id='word_1_82' title='bbox 396 1923 500 1986; x_wconf 91' lang='lat' dir='ltr'>modis</span> <span class='ocrx_word' id='word_1_83' title='bbox 530 1945 602 1986; x_wconf 90' lang='lat' dir='ltr'>eam</span> <span class='ocrx_word' id='word_1_84' title='bbox 632 1924 801 1988; x_wconf 90' lang='lat' dir='ltr'>debilitare</span> <span class='ocrx_word' id='word_1_85' title='bbox 826 1925 994 1988; x_wconf 87' lang='lat' dir='ltr'>instemus.</span> <span class='ocrx_word' id='word_1_86' title='bbox 1046 1920 1157 2001; x_wconf 74' lang='lat' dir='ltr'>Quam</span> <span class='ocrx_word' id='word_1_87' title='bbox 1186 1943 1253 1986; x_wconf 91' lang='lat' dir='ltr'>non</span> 
     </span>
     <span class='ocr_line' id='line_1_15' title="bbox 247 2021 1252 2087; baseline 0.002 -3"><span class='ocrx_word' id='word_1_88' title='bbox 247 2021 387 2084; x_wconf 89' lang='lat' dir='ltr'>multum</span> <span class='ocrx_word' id='word_1_89' title='bbox 409 2021 503 2086; x_wconf 91' lang='lat' dir='ltr'>nobis</span> <span class='ocrx_word' id='word_1_90' title='bbox 524 2023 703 2087; x_wconf 85' lang='lat' dir='ltr'>timendam</span> <span class='ocrx_word' id='word_1_91' title='bbox 725 2044 796 2087; x_wconf 89' lang='lat' dir='ltr'>esse</span> <span class='ocrx_word' id='word_1_92' title='bbox 820 2023 988 2086; x_wconf 86' lang='lat' dir='ltr'>existimo:</span> <span class='ocrx_word' id='word_1_93' title='bbox 1011 2043 1085 2085; x_wconf 91' lang='lat' dir='ltr'>cnm</span> <span class='ocrx_word' id='word_1_94' title='bbox 1106 2043 1146 2085; x_wconf 87' lang='lat' dir='ltr'>ex</span> <span class='ocrx_word' id='word_1_95' title='bbox 1169 2023 1252 2086; x_wconf 85' lang='lat' dir='ltr'>irra-</span> 
     </span>
     <span class='ocr_line' id='line_1_16' title="bbox 247 2117 1254 2207; baseline 0.002 -25"><span class='ocrx_word' id='word_1_96' title='bbox 247 2119 394 2183; x_wconf 90' lang='lat' dir='ltr'>tionabili</span> <span class='ocrx_word' id='word_1_97' title='bbox 422 2142 521 2185; x_wconf 88' lang='lat' dir='ltr'>causa</span> <span class='ocrx_word' id='word_1_98' title='bbox 551 2122 660 2207; x_wconf 85' lang='lat' dir='ltr'>exigat</span> <span class='ocrx_word' id='word_1_99' title='bbox 685 2122 856 2195; x_wconf 90' lang='lat' dir='ltr'>tributum,</span> <span class='ocrx_word' id='word_1_100' title='bbox 889 2120 978 2204; x_wconf 91' lang='lat' dir='ltr'>quod</span> <span class='ocrx_word' id='word_1_101' title='bbox 1007 2142 1047 2183; x_wconf 89' lang='lat' dir='ltr'>ex</span> <span class='ocrx_word' id='word_1_102' title='bbox 1077 2117 1254 2184; x_wconf 90' lang='lat' dir='ltr'>Britannia</span> 
     </span>
     <span class='ocr_line' id='line_1_17' title="bbox 247 2217 1252 2303; baseline 0.004 -23"><span class='ocrx_word' id='word_1_103' title='bbox 247 2217 368 2283; x_wconf 86' lang='lat' dir='ltr'>hebere</span> <span class='ocrx_word' id='word_1_104' title='bbox 384 2219 555 2283; x_wconf 87' lang='lat' dir='ltr'>desiderat.</span> <span class='ocrx_word' id='word_1_105' title='bbox 602 2218 695 2284; x_wconf 85' lang='lat' dir='ltr'>Dicit</span> <span class='ocrx_word' id='word_1_106' title='bbox 717 2219 803 2284; x_wconf 90' lang='lat' dir='ltr'>enim</span> <span class='ocrx_word' id='word_1_107' title='bbox 826 2220 933 2303; x_wconf 90' lang='lat' dir='ltr'>ipsum</span> <span class='ocrx_word' id='word_1_108' title='bbox 954 2218 1015 2282; x_wconf 87' lang='lat' dir='ltr'>sibi</span> <span class='ocrx_word' id='word_1_109' title='bbox 1036 2218 1106 2281; x_wconf 91' lang='lat' dir='ltr'>dari</span> <span class='ocrx_word' id='word_1_110' title='bbox 1122 2218 1252 2297; x_wconf 89' lang='lat' dir='ltr'>debere,</span> 
     </span>
     <span class='ocr_line' id='line_1_18' title="bbox 248 2315 1254 2402; baseline 0.003 -24"><span class='ocrx_word' id='word_1_111' title='bbox 248 2316 322 2397; x_wconf 91' lang='lat' dir='ltr'>quia</span> <span class='ocrx_word' id='word_1_112' title='bbox 332 2316 419 2380; x_wconf 91' lang='lat' dir='ltr'>Julio</span> <span class='ocrx_word' id='word_1_113' title='bbox 430 2316 554 2381; x_wconf 80' lang='lat' dir='ltr'>Oaesari</span> <span class='ocrx_word' id='word_1_114' title='bbox 563 2318 746 2402; x_wconf 89' lang='lat' dir='ltr'>ceterisque</span> <span class='ocrx_word' id='word_1_115' title='bbox 756 2315 996 2381; x_wconf 90' lang='lat' dir='ltr'>successoribus</span> <span class='ocrx_word' id='word_1_116' title='bbox 1007 2316 1075 2379; x_wconf 90' lang='lat' dir='ltr'>suis</span> <span class='ocrx_word' id='word_1_117' title='bbox 1084 2316 1254 2381; x_wconf 89' lang='lat' dir='ltr'>redditum</span> 
     </span>
     <span class='ocr_line' id='line_1_19' title="bbox 247 2412 1253 2498; baseline 0.002 -22"><span class='ocrx_word' id='word_1_118' title='bbox 247 2412 367 2477; x_wconf 82' lang='lat' dir='ltr'>fuerit:</span> <span class='ocrx_word' id='word_1_119' title='bbox 406 2414 463 2498; x_wconf 90' lang='lat' dir='ltr'>qui</span> <span class='ocrx_word' id='word_1_120' title='bbox 487 2415 620 2479; x_wconf 90' lang='lat' dir='ltr'>dissidio</span> <span class='ocrx_word' id='word_1_121' title='bbox 650 2424 798 2479; x_wconf 90' lang='lat' dir='ltr'>veterum</span> <span class='ocrx_word' id='word_1_122' title='bbox 825 2412 1002 2478; x_wconf 90' lang='lat' dir='ltr'>Britonum</span> <span class='ocrx_word' id='word_1_123' title='bbox 1027 2414 1157 2479; x_wconf 81' lang='lat' dir='ltr'>invitati</span> <span class='ocrx_word' id='word_1_124' title='bbox 1178 2435 1253 2478; x_wconf 91' lang='lat' dir='ltr'>cum</span> 
     </span>
     <span class='ocr_line' id='line_1_20' title="bbox 248 2512 1254 2596; baseline 0.002 -20"><span class='ocrx_word' id='word_1_125' title='bbox 248 2521 375 2576; x_wconf 86' lang='lat' dir='ltr'>armata</span> <span class='ocrx_word' id='word_1_126' title='bbox 407 2535 506 2576; x_wconf 89' lang='lat' dir='ltr'>manu</span> <span class='ocrx_word' id='word_1_127' title='bbox 538 2512 573 2576; x_wconf 91' lang='lat' dir='ltr'>in</span> <span class='ocrx_word' id='word_1_128' title='bbox 611 2513 817 2578; x_wconf 86' lang='lat' dir='ltr'>Britanniam</span> <span class='ocrx_word' id='word_1_129' title='bbox 860 2512 1106 2596; x_wconf 87' lang='lat' dir='ltr'>applicuerunt:</span> <span class='ocrx_word' id='word_1_130' title='bbox 1152 2520 1254 2596; x_wconf 90' lang='lat' dir='ltr'>atque</span> 
     </span>
     <span class='ocr_line' id='line_1_21' title="bbox 196 2610 1254 2694; baseline 0 -20"><span class='ocrx_word' id='word_1_131' title='bbox 196 2657 199 2664; x_wconf 92' lang='lat'><em>.</em></span> <span class='ocrx_word' id='word_1_132' title='bbox 248 2612 386 2694; x_wconf 90' lang='lat' dir='ltr'>patriam</span> <span class='ocrx_word' id='word_1_133' title='bbox 410 2611 595 2674; x_wconf 87' lang='lat' dir='ltr'>domesticis</span> <span class='ocrx_word' id='word_1_134' title='bbox 618 2612 762 2675; x_wconf 89' lang='lat' dir='ltr'>motibus</span> <span class='ocrx_word' id='word_1_135' title='bbox 776 2610 982 2674; x_wconf 81' lang='lat' dir='ltr'>vacillantem</span> <span class='ocrx_word' id='word_1_136' title='bbox 1005 2631 1073 2673; x_wconf 85' lang='lat' dir='ltr'>suae</span> <span class='ocrx_word' id='word_1_137' title='bbox 1093 2611 1254 2693; x_wconf 88' lang='lat' dir='ltr'>potestati</span> 
     </span>
     <span class='ocr_line' id='line_1_22' title="bbox 248 2708 1252 2788; baseline 0 -15"><span class='ocrx_word' id='word_1_138' title='bbox 248 2709 280 2773; x_wconf 91' lang='lat' dir='ltr'>vi</span> <span class='ocrx_word' id='word_1_139' title='bbox 295 2718 329 2773; x_wconf 91' lang='lat' dir='ltr'>et</span> <span class='ocrx_word' id='word_1_140' title='bbox 344 2710 497 2773; x_wconf 88' lang='lat' dir='ltr'>violentia</span> <span class='ocrx_word' id='word_1_141' title='bbox 507 2710 739 2774; x_wconf 90' lang='lat' dir='ltr'>submiserunt.</span> <span class='ocrx_word' id='word_1_142' title='bbox 802 2708 890 2788; x_wconf 76' lang='lat' dir='ltr'>Quia</span> <span class='ocrx_word' id='word_1_143' title='bbox 900 2729 979 2772; x_wconf 90' lang='lat' dir='ltr'>vero</span> <span class='ocrx_word' id='word_1_144' title='bbox 989 2708 1051 2772; x_wconf 93' lang='lat' dir='ltr'>hoc</span> <span class='ocrx_word' id='word_1_145' title='bbox 1067 2708 1164 2773; x_wconf 90' lang='lat' dir='ltr'>modo</span> <span class='ocrx_word' id='word_1_146' title='bbox 1180 2730 1252 2773; x_wconf 88' lang='lat' dir='ltr'>eam</span> 
     </span>
     <span class='ocr_line' id='line_1_23' title="bbox 247 2805 1253 2893; baseline 0.001 -22"><span class='ocrx_word' id='word_1_147' title='bbox 247 2808 358 2892; x_wconf 89' lang='lat' dir='ltr'>adepti</span> <span class='ocrx_word' id='word_1_148' title='bbox 372 2807 517 2884; x_wconf 85' lang='lat' dir='ltr'>fuerunt,</span> <span class='ocrx_word' id='word_1_149' title='bbox 534 2809 673 2893; x_wconf 86' lang='lat' dir='ltr'>vectigal</span> <span class='ocrx_word' id='word_1_150' title='bbox 687 2830 728 2872; x_wconf 85' lang='lat' dir='ltr'>ex</span> <span class='ocrx_word' id='word_1_151' title='bbox 752 2828 791 2872; x_wconf 91' lang='lat' dir='ltr'>ea</span> <span class='ocrx_word' id='word_1_152' title='bbox 812 2806 934 2891; x_wconf 89' lang='lat' dir='ltr'>injuste</span> <span class='ocrx_word' id='word_1_153' title='bbox 945 2815 1111 2889; x_wconf 88' lang='lat' dir='ltr'>ceperunt.</span> <span class='ocrx_word' id='word_1_154' title='bbox 1159 2805 1253 2872; x_wconf 92' lang='lat' dir='ltr'>Nihil</span> 
     </span>
     <span class='ocr_line' id='line_1_24' title="bbox 248 2904 1252 2989; baseline 0.003 -22"><span class='ocrx_word' id='word_1_155' title='bbox 248 2907 333 2968; x_wconf 93' lang='lat' dir='ltr'>enim</span> <span class='ocrx_word' id='word_1_156' title='bbox 345 2905 432 2988; x_wconf 91' lang='lat' dir='ltr'>quod</span> <span class='ocrx_word' id='word_1_157' title='bbox 445 2907 478 2970; x_wconf 89' lang='lat' dir='ltr'>vi</span> <span class='ocrx_word' id='word_1_158' title='bbox 494 2914 527 2969; x_wconf 91' lang='lat' dir='ltr'>et</span> <span class='ocrx_word' id='word_1_159' title='bbox 536 2907 689 2970; x_wconf 89' lang='lat' dir='ltr'>violentia</span> <span class='ocrx_word' id='word_1_160' title='bbox 703 2905 893 2989; x_wconf 88' lang='lat' dir='ltr'>acquiritur,</span> <span class='ocrx_word' id='word_1_161' title='bbox 907 2905 997 2988; x_wconf 89' lang='lat' dir='ltr'>juste</span> <span class='ocrx_word' id='word_1_162' title='bbox 1012 2905 1053 2967; x_wconf 93' lang='lat' dir='ltr'>ab</span> <span class='ocrx_word' id='word_1_163' title='bbox 1065 2904 1133 2967; x_wconf 94' lang='lat' dir='ltr'>ullo</span> <span class='ocrx_word' id='word_1_164' title='bbox 1147 2906 1252 2988; x_wconf 89' lang='lat' dir='ltr'>possi-</span> 
     </span>
     <span class='ocr_line' id='line_1_25' title="bbox 249 3002 1251 3087; baseline 0 -21"><span class='ocrx_word' id='word_1_165' title='bbox 249 3003 345 3066; x_wconf 90' lang='lat' dir='ltr'>detur</span> <span class='ocrx_word' id='word_1_166' title='bbox 376 3003 433 3086; x_wconf 90' lang='lat' dir='ltr'>qui</span> <span class='ocrx_word' id='word_1_167' title='bbox 470 3004 657 3068; x_wconf 87' lang='lat' dir='ltr'>violentiam</span> <span class='ocrx_word' id='word_1_168' title='bbox 695 3003 815 3067; x_wconf 87' lang='lat' dir='ltr'>intulit.</span> <span class='ocrx_word' id='word_1_169' title='bbox 874 3002 1134 3066; x_wconf 83' lang='lat' dir='ltr'>Inrationabilem</span> <span class='ocrx_word' id='word_1_170' title='bbox 1172 3023 1251 3087; x_wconf 84' lang='lat' dir='ltr'>ergo</span> 
     </span>
     <span class='ocr_line' id='line_1_26' title="bbox 248 3099 1251 3184; baseline 0.001 -22"><span class='ocrx_word' id='word_1_171' title='bbox 248 3120 378 3163; x_wconf 89' lang='lat' dir='ltr'>causam</span> <span class='ocrx_word' id='word_1_172' title='bbox 404 3101 673 3184; x_wconf 70' lang='lat' dir='ltr'>praetenditque</span> <span class='ocrx_word' id='word_1_173' title='bbox 698 3121 758 3164; x_wconf 93' lang='lat' dir='ltr'>nos</span> <span class='ocrx_word' id='word_1_174' title='bbox 780 3101 856 3183; x_wconf 88' lang='lat' dir='ltr'>jure</span> <span class='ocrx_word' id='word_1_175' title='bbox 880 3100 942 3163; x_wconf 91' lang='lat' dir='ltr'>sibi</span> <span class='ocrx_word' id='word_1_176' title='bbox 960 3099 1155 3184; x_wconf 79' lang='lat' dir='ltr'>tributarios</span> <span class='ocrx_word' id='word_1_177' title='bbox 1180 3121 1251 3163; x_wconf 89' lang='lat' dir='ltr'>esse</span> 
     </span>
    </p>
   </div>
   <div class='ocr_carea' id='block_1_4' title="bbox 145 3196 1251 3281">
    <p class='ocr_par' dir='ltr' id='par_1_6' title="bbox 145 3196 1251 3281">
     <span class='ocr_line' id='line_1_27' title="bbox 145 3196 1251 3281; baseline 0.001 -21"><span class='ocrx_word' id='word_1_178' title='bbox 145 3233 147 3237; x_wconf 94' lang='lat'>·</span> <span class='ocrx_word' id='word_1_179' title='bbox 247 3196 438 3275; x_wconf 88' lang='lat' dir='ltr'>arbitratur,</span> <span class='ocrx_word' id='word_1_180' title='bbox 486 3199 650 3278; x_wconf 77' lang='lat' dir='ltr'>Quoniam</span> <span class='ocrx_word' id='word_1_181' title='bbox 670 3197 837 3263; x_wconf 88' lang='lat' dir='ltr'>autemid</span> <span class='ocrx_word' id='word_1_182' title='bbox 861 3197 948 3281; x_wconf 90' lang='lat' dir='ltr'>quod</span> <span class='ocrx_word' id='word_1_183' title='bbox 969 3197 1130 3281; x_wconf 87' lang='lat' dir='ltr'>injustum</span> <span class='ocrx_word' id='word_1_184' title='bbox 1146 3206 1208 3272; x_wconf 90' lang='lat' dir='ltr'>est,</span> <span class='ocrx_word' id='word_1_185' title='bbox 1231 3219 1251 3261; x_wconf 97' lang='lat' dir='ltr'>a</span> 
     </span>
    </p>
   </div>
   <div class='ocr_carea' id='block_1_5' title="bbox 244 3295 1251 4261">
    <p class='ocr_par' dir='ltr' id='par_1_7' title="bbox 244 3295 1251 4261">
     <span class='ocr_line' id='line_1_28' title="bbox 247 3295 1250 3383; baseline 0.001 -26"><span class='ocrx_word' id='word_1_186' title='bbox 247 3296 340 3359; x_wconf 92' lang='lat' dir='ltr'>nobis</span> <span class='ocrx_word' id='word_1_187' title='bbox 355 3297 521 3380; x_wconf 88' lang='lat' dir='ltr'>praesumit</span> <span class='ocrx_word' id='word_1_188' title='bbox 536 3298 686 3383; x_wconf 83' lang='lat' dir='ltr'>exigere:</span> <span class='ocrx_word' id='word_1_189' title='bbox 709 3296 868 3360; x_wconf 88' lang='lat' dir='ltr'>consimili</span> <span class='ocrx_word' id='word_1_190' title='bbox 889 3296 1015 3358; x_wconf 88' lang='lat' dir='ltr'>ratione</span> <span class='ocrx_word' id='word_1_191' title='bbox 1037 3303 1187 3377; x_wconf 89' lang='lat' dir='ltr'>petamus</span> <span class='ocrx_word' id='word_1_192' title='bbox 1209 3295 1250 3359; x_wconf 90' lang='lat' dir='ltr'>ab</span> 
     </span>
     <span class='ocr_line' id='line_1_29' title="bbox 247 3393 1251 3478; baseline -0.001 -20"><span class='ocrx_word' id='word_1_193' title='bbox 247 3395 301 3458; x_wconf 93' lang='lat' dir='ltr'>illo</span> <span class='ocrx_word' id='word_1_194' title='bbox 313 3395 473 3459; x_wconf 90' lang='lat' dir='ltr'>tributum</span> <span class='ocrx_word' id='word_1_195' title='bbox 489 3394 624 3459; x_wconf 85' lang='lat' dir='ltr'>Romae:</span> <span class='ocrx_word' id='word_1_196' title='bbox 647 3403 681 3458; x_wconf 91' lang='lat' dir='ltr'>et</span> <span class='ocrx_word' id='word_1_197' title='bbox 696 3395 751 3478; x_wconf 89' lang='lat' dir='ltr'>qui</span> <span class='ocrx_word' id='word_1_198' title='bbox 764 3394 883 3457; x_wconf 84' lang='lat' dir='ltr'>fortior</span> <span class='ocrx_word' id='word_1_199' title='bbox 907 3393 1143 3476; x_wconf 81' lang='lat' dir='ltr'>supervenerit,</span> <span class='ocrx_word' id='word_1_200' title='bbox 1164 3393 1251 3457; x_wconf 86' lang='lat' dir='ltr'>ferat</span> 
     </span>
     <span class='ocr_line' id='line_1_30' title="bbox 247 3489 1251 3576; baseline -0.003 -19"><span class='ocrx_word' id='word_1_201' title='bbox 247 3494 335 3576; x_wconf 91' lang='lat' dir='ltr'>quod</span> <span class='ocrx_word' id='word_1_202' title='bbox 360 3493 480 3556; x_wconf 91' lang='lat' dir='ltr'>habere</span> <span class='ocrx_word' id='word_1_203' title='bbox 506 3492 681 3576; x_wconf 88' lang='lat' dir='ltr'>exoptavit.</span> <span class='ocrx_word' id='word_1_204' title='bbox 738 3491 825 3556; x_wconf 90' lang='lat' dir='ltr'>Nam</span> <span class='ocrx_word' id='word_1_205' title='bbox 851 3493 879 3555; x_wconf 92' lang='lat' dir='ltr'>si</span> <span class='ocrx_word' id='word_1_206' title='bbox 904 3493 981 3576; x_wconf 89' lang='lat' dir='ltr'>quia</span> <span class='ocrx_word' id='word_1_207' title='bbox 1002 3491 1109 3556; x_wconf 90' lang='lat' dir='ltr'>Julius</span> <span class='ocrx_word' id='word_1_208' title='bbox 1138 3489 1251 3554; x_wconf 83' lang='lat' dir='ltr'>Oaesar</span> 
     </span>
     <span class='ocr_line' id='line_1_31' title="bbox 246 3589 1249 3676; baseline -0.004 -20"><span class='ocrx_word' id='word_1_209' title='bbox 246 3592 409 3674; x_wconf 86' lang='lat' dir='ltr'>ceterique</span> <span class='ocrx_word' id='word_1_210' title='bbox 421 3590 562 3653; x_wconf 89' lang='lat' dir='ltr'>Romani</span> <span class='ocrx_word' id='word_1_211' title='bbox 571 3611 665 3676; x_wconf 84' lang='lat' dir='ltr'>reges</span> <span class='ocrx_word' id='word_1_212' title='bbox 675 3589 880 3654; x_wconf 89' lang='lat' dir='ltr'>Britanniam</span> <span class='ocrx_word' id='word_1_213' title='bbox 890 3591 966 3654; x_wconf 94' lang='lat' dir='ltr'>olim</span> <span class='ocrx_word' id='word_1_214' title='bbox 978 3589 1249 3674; x_wconf 84' lang='lat' dir='ltr'>subjugaverunt,</span> 
     </span>
     <span class='ocr_line' id='line_1_32' title="bbox 246 3686 1250 3774; baseline -0.004 -20"><span class='ocrx_word' id='word_1_215' title='bbox 246 3689 383 3774; x_wconf 86' lang='lat' dir='ltr'>vectigal</span> <span class='ocrx_word' id='word_1_216' title='bbox 399 3710 484 3752; x_wconf 91' lang='lat' dir='ltr'>nunc</span> <span class='ocrx_word' id='word_1_217' title='bbox 500 3688 618 3752; x_wconf 90' lang='lat' dir='ltr'>debere</span> <span class='ocrx_word' id='word_1_218' title='bbox 634 3688 696 3752; x_wconf 91' lang='lat' dir='ltr'>sibi</span> <span class='ocrx_word' id='word_1_219' title='bbox 711 3709 751 3752; x_wconf 90' lang='lat' dir='ltr'>ex</span> <span class='ocrx_word' id='word_1_220' title='bbox 766 3688 822 3752; x_wconf 91' lang='lat' dir='ltr'>illa</span> <span class='ocrx_word' id='word_1_221' title='bbox 840 3687 933 3752; x_wconf 91' lang='lat' dir='ltr'>reddi</span> <span class='ocrx_word' id='word_1_222' title='bbox 950 3687 1114 3751; x_wconf 88' lang='lat' dir='ltr'>decernit:</span> <span class='ocrx_word' id='word_1_223' title='bbox 1138 3686 1250 3750; x_wconf 89' lang='lat' dir='ltr'>simili·</span> 
     </span>
     <span class='ocr_line' id='line_1_33' title="bbox 245 3783 1251 3873; baseline -0.005 -20"><span class='ocrx_word' id='word_1_224' title='bbox 245 3797 298 3853; x_wconf 89' lang='lat' dir='ltr'>ter</span> <span class='ocrx_word' id='word_1_225' title='bbox 312 3809 399 3852; x_wconf 89' lang='lat' dir='ltr'>nunc</span> <span class='ocrx_word' id='word_1_226' title='bbox 414 3809 474 3873; x_wconf 84' lang='lat' dir='ltr'>ego</span> <span class='ocrx_word' id='word_1_227' title='bbox 489 3808 615 3863; x_wconf 90' lang='lat' dir='ltr'>censeo,</span> <span class='ocrx_word' id='word_1_228' title='bbox 640 3787 729 3873; x_wconf 91' lang='lat' dir='ltr'>quod</span> <span class='ocrx_word' id='word_1_229' title='bbox 755 3785 865 3851; x_wconf 92' lang='lat' dir='ltr'>Roma</span> <span class='ocrx_word' id='word_1_230' title='bbox 887 3787 967 3850; x_wconf 90' lang='lat' dir='ltr'>mihi</span> <span class='ocrx_word' id='word_1_231' title='bbox 992 3786 1155 3850; x_wconf 88' lang='lat' dir='ltr'>tributum</span> <span class='ocrx_word' id='word_1_232' title='bbox 1175 3783 1251 3848; x_wconf 92' lang='lat' dir='ltr'>red-</span> 
     </span>
     <span class='ocr_line' id='line_1_34' title="bbox 246 3883 1250 3970; baseline -0.003 -21"><span class='ocrx_word' id='word_1_233' title='bbox 246 3887 324 3950; x_wconf 92' lang='lat' dir='ltr'>dere</span> <span class='ocrx_word' id='word_1_234' title='bbox 354 3886 460 3963; x_wconf 90' lang='lat' dir='ltr'>debet,</span> <span class='ocrx_word' id='word_1_235' title='bbox 492 3886 569 3970; x_wconf 90' lang='lat' dir='ltr'>quie</span> <span class='ocrx_word' id='word_1_236' title='bbox 601 3893 821 3950; x_wconf 83' lang='lat' dir='ltr'>antecessores</span> <span class='ocrx_word' id='word_1_237' title='bbox 858 3885 923 3947; x_wconf 89' lang='lat' dir='ltr'>mei</span> <span class='ocrx_word' id='word_1_238' title='bbox 959 3905 1031 3947; x_wconf 92' lang='lat' dir='ltr'>eam</span> <span class='ocrx_word' id='word_1_239' title='bbox 1067 3883 1250 3967; x_wconf 88' lang='lat' dir='ltr'>antiquitus</span> 
     </span>
     <span class='ocr_line' id='line_1_35' title="bbox 246 3978 1250 4048; baseline -0.003 -2"><span class='ocrx_word' id='word_1_240' title='bbox 246 3984 468 4048; x_wconf 90' lang='lat' dir='ltr'>obtinuerunt.</span> <span class='ocrx_word' id='word_1_241' title='bbox 507 3978 1250 4047; x_wconf 89' lang='lat' dir='ltr'>BelinusetenimserenissimusilleBritonum</span> 
     </span>
     <span class='ocr_line' id='line_1_36' title="bbox 244 4075 1251 4156; baseline -0.002 -12"><span class='ocrx_word' id='word_1_242' title='bbox 244 4103 314 4155; x_wconf 89' lang='lat' dir='ltr'>rex,</span> <span class='ocrx_word' id='word_1_243' title='bbox 340 4103 420 4145; x_wconf 91' lang='lat' dir='ltr'>usus</span> <span class='ocrx_word' id='word_1_244' title='bbox 448 4081 570 4145; x_wconf 87' lang='lat' dir='ltr'>auxilio</span> <span class='ocrx_word' id='word_1_245' title='bbox 599 4081 713 4145; x_wconf 83' lang='lat' dir='ltr'>fratris</span> <span class='ocrx_word' id='word_1_246' title='bbox 741 4081 801 4156; x_wconf 90' lang='lat' dir='ltr'>sui,</span> <span class='ocrx_word' id='word_1_247' title='bbox 830 4075 955 4143; x_wconf 90' lang='lat' dir='ltr'>Brenni</span> <span class='ocrx_word' id='word_1_248' title='bbox 979 4078 1129 4143; x_wconf 88' lang='lat' dir='ltr'>videlicet</span> <span class='ocrx_word' id='word_1_249' title='bbox 1158 4077 1251 4143; x_wconf 89' lang='lat' dir='ltr'>ducis</span> 
     </span>
     <span class='ocr_line' id='line_1_37' title="bbox 245 4175 1251 4261; baseline 0 -22"><span class='ocrx_word' id='word_1_250' title='bbox 245 4175 470 4261; x_wconf 85' lang='lat' dir='ltr'>Allobrogum,</span> <span class='ocrx_word' id='word_1_251' title='bbox 487 4178 651 4260; x_wconf 87' lang='lat' dir='ltr'>suspensis</span> <span class='ocrx_word' id='word_1_252' title='bbox 666 4179 699 4241; x_wconf 94' lang='lat' dir='ltr'>in</span> <span class='ocrx_word' id='word_1_253' title='bbox 709 4178 815 4242; x_wconf 90' lang='lat' dir='ltr'>medio</span> <span class='ocrx_word' id='word_1_254' title='bbox 830 4177 906 4256; x_wconf 74' lang='lat' dir='ltr'>foro</span> <span class='ocrx_word' id='word_1_255' title='bbox 910 4177 1024 4261; x_wconf 81' lang='lat' dir='ltr'>viginti</span> <span class='ocrx_word' id='word_1_256' title='bbox 1035 4175 1251 4241; x_wconf 89' lang='lat' dir='ltr'>nobilioribus</span> 
     </span>
    </p>
   </div>
   <div class='ocr_carea' id='block_1_6' title="bbox 1411 372 1415 424">
    <p class='ocr_par' dir='ltr' id='par_1_8' title="bbox 1411 372 1415 424">
     <span class='ocr_line' id='line_1_38' title="bbox 1411 372 1415 424; baseline 0 0"><span class='ocrx_word' id='word_1_257' title='bbox 1411 372 1415 424; x_wconf 89' lang='lat' dir='ltr'>l</span> 
     </span>
    </p>
   </div>
   <div class='ocr_carea' id='block_1_7' title="bbox 1415 602 1419 713">
    <p class='ocr_par' dir='ltr' id='par_1_9' title="bbox 1415 562 1419 713">
     <span class='ocr_line' id='line_1_39' title="bbox 1415 602 1419 713; baseline 0 0"><span class='ocrx_word' id='word_1_258' title='bbox 1415 602 1419 713; x_wconf 72' lang='lat' dir='ltr'>l</span> 
     </span>
    </p>
   </div>
   <div class='ocr_carea' id='block_1_8' title="bbox 0 0 1428 4888">
    <p class='ocr_par' dir='ltr' id='par_1_10' title="bbox 0 0 1428 4888">
     <span class='ocr_line' id='line_1_40' title="bbox 0 0 1428 4888; baseline 0 0"><span class='ocrx_word' id='word_1_259' title='bbox 0 0 1428 4888; x_wconf 95' lang='lat' dir='ltr'> </span> 
     </span>
    </p>
   </div>
   <div class='ocr_carea' id='block_1_9' title="bbox 1422 2027 1425 2992">
    <p class='ocr_par' dir='ltr' id='par_1_11' title="bbox 1422 2027 1425 2992">
     <span class='ocr_line' id='line_1_41' title="bbox 1422 2027 1425 2992; baseline 0 0"><span class='ocrx_word' id='word_1_260' title='bbox 1422 2027 1425 2992; x_wconf 95' lang='lat' dir='ltr'> </span> 
     </span>
    </p>
   </div>
  </div>
 </body>
</html>
