2848 4888
283 495 343 554 102
596 511 709 554 amru.
730 508 975 554 uouunrnrars

283 654 405 737 ubique
419 653 596 718 familiares
617 675 694 718 suos
719 656 777 737 qui
797 653 930 718 easdem
951 653 1050 718 urbes
1073 653 1108 716 in
1131 649 1296 715 fidelitate

284 773 344 817 sua
380 761 560 818 servarent.
616 752 747 818 Deinde
783 753 1043 838 praemeditatam
1077 751 1296 815 traditionem
1394 773 1406 783 ··

283 851 483 927 machinans,
511 852 724 917 Constantem
744 853 856 927 adivit,
888 851 1037 933 dixitque
1062 850 1111 912 illi
1136 857 1295 932 oportere

284 971 457 1013 numerum
476 951 608 1016 familia:
623 973 691 1015 suae
710 957 988 1036 augmentarent
1008 949 1155 1012 securius
1176 967 1296 1029 super-

284 1050 432 1112 venturis
447 1050 596 1115 hostibus
616 1051 796 1115 resisteret.
844 1048 909 1112 Cui
925 1046 1110 1112 Constans:
1135 1044 1296 1109 “Nonne
1421 1089 1422 1106 2

284 1147 393 1210 omnia
408 1147 611 1230 dispositioni
621 1157 688 1213 tute
700 1145 865 1212 commisii
888 1146 955 1210 Fac
968 1146 1072 1230 igitur
1087 1159 1297 1229 quecunque

284 1246 448 1310 volueris:
471 1247 518 1310 ita
537 1255 658 1322 tamen,
680 1255 719 1311 ut
739 1247 773 1309 in
792 1246 952 1309 fidelitate
971 1259 1046 1307 mee
1065 1250 1294 1328 permaneant.

285 1342 340 1406 Ad
361 1344 431 1407 haec
452 1343 690 1429 Vortegirnus:
714 1342 851 1408 Dictum
878 1353 929 1407 est
952 1343 1044 1419 mihi,
1074 1341 1186 1405 Pictos
1209 1340 1297 1404 velle

284 1441 465 1507 conducere
480 1440 590 1507 Dacos
606 1452 640 1507 et
659 1441 900 1528 Norwegenses
921 1462 1019 1525 super
1039 1462 1109 1514 nos,
1129 1448 1169 1502 ut
1188 1438 1297 1502 maxi-

283 1561 371 1604 mam
396 1541 655 1624 inquietudinem
680 1542 843 1606 inferant:
876 1540 1088 1625 quamobrem
1111 1538 1296 1613 laudarem,

284 1646 318 1701 et
332 1640 502 1703 eonsilium
524 1641 775 1705 saluberrimum
797 1661 869 1704 esse
891 1660 1007 1703 censeo
1022 1646 1060 1701 ut
1076 1637 1235 1722 quosdam
1251 1658 1296 1700 ex

285 1734 388 1800 Pictis
403 1739 437 1800 in
457 1740 548 1802 ouria
562 1748 621 1803 tua
640 1740 793 1815 retineas,
815 1739 873 1823 qui
887 1738 1085 1802 mediatores
1105 1737 1193 1800 inter
1208 1744 1244 1799 te
1259 1744 1296 1800 et

284 1844 410 1900 ceteros
433 1838 584 1902 existant.
632 1836 720 1900 Nam
747 1839 776 1901 si
798 1859 915 1910 verum
941 1846 992 1902 est
1017 1836 1106 1920 quod
1131 1834 1295 1899 rebellare

282 1933 473 2016 inceperint,
499 1936 715 2019 explorabunt
738 1935 800 2000 tibi
820 1937 1046 2000 consociorum
1066 1955 1203 1999 suorum
1222 1955 1295 1998 ma·

283 2032 484 2096 chinationes
510 2041 544 2096 et
566 2035 739 2109 versutias,
771 2057 853 2118 quas
882 2036 987 2099 levius
1016 2034 1122 2099 vitare
1151 2031 1292 2115 poteris.

285 2131 371 2195 Ecce
397 2131 524 2196 occulta
548 2134 667 2197 occulti
695 2134 817 2197 inimici
841 2133 995 2218 proditio.
1041 2131 1119 2197 Non
1145 2131 1233 2195 enim
1256 2129 1295 2194 id

282 2230 447 2305 laudabat,
464 2238 502 2293 ut
518 2231 606 2294 salus
621 2231 697 2295 inde
711 2231 899 2316 proveniret
917 2231 1110 2296 Constanti:
1127 2229 1193 2294 -sed
1212 2227 1295 2312 quia

283 2328 405 2392 sciebat
436 2328 547 2408 Pictos
576 2338 708 2414 gentem
734 2353 807 2395 esse
832 2332 1028 2405 instabilem,
1060 2339 1094 2393 et
1122 2329 1166 2392 ad
1194 2347 1295 2391 omne

284 2427 388 2492 scelus
407 2436 566 2512 paratam.
614 2428 771 2493 Inebriati
795 2451 885 2516 ergo,
908 2428 1030 2494 sivein
1050 2429 1134 2491 iram
1152 2426 1292 2502 inducti,

283 2527 478 2590 commoveri
493 2535 626 2610 possent
640 2527 735 2591 facile
746 2528 902 2592 adversus
916 2549 1038 2612 regem,
1055 2526 1104 2590 ita
1117 2533 1156 2589 ut
1167 2525 1295 2608 absque

283 2626 487 2690 cunctamine
498 2627 605 2708 ipsum
617 2626 847 2691 interficerent.
888 2625 985 2691 Unde
997 2626 1025 2689 si
1036 2626 1069 2688 id
1081 2623 1292 2708 contigisset:

284 2723 420 2785 haberet
434 2723 560 2786 aditum
577 2745 648 2787 sese
667 2725 880 2807 promovendi
899 2725 934 2787 in
955 2744 1078 2809 regem,
1105 2730 1144 2785 ut
1170 2721 1293 2805 saepius

284 2819 503 2885 affectaverat.
550 2819 696 2886 Directis
711 2823 824 2907 itaque
837 2822 872 2886 in
890 2822 1034 2886 Scotiam
1050 2822 1190 2896 nunciia
1207 2821 1293 2884 invi-

284 2919 368 2981 tavit
387 2927 517 2982 centum
538 2917 649 2984 Pictos
673 2921 814 2986 milites:
846 2920 999 3005 ipsosque
1022 2920 1110 2984 intra
1133 2919 1294 2986 familiam

285 3015 372 3099 regis
387 3017 520 3101 recepit.
559 3017 723 3102 Receptos
739 3026 849 3082 autem
863 3019 1046 3082 honorabat
1056 3039 1154 3101 super
1166 3039 1291 3096 omnes,

287 3112 489 3198 diversisque
514 3115 657 3180 donariis
687 3116 835 3182 ditabat:
867 3113 946 3181 cibis
973 3117 1073 3181 etiam
1099 3123 1132 3180 et
1157 3117 1292 3200 potibus

286 3212 519 3276 ultramodum
535 3214 684 3290 satiabat,
705 3215 753 3279 ita
767 3224 805 3279 ut
825 3237 884 3301 pro
904 3236 983 3300 rege
1002 3215 1095 3278 illum
1117 3215 1290 3284 haberent.

285 3308 469 3375 Adoranies
485 3331 563 3396 orgo
579 3313 671 3376 illum
687 3321 747 3398 per
767 3314 891 3398 plateas
905 3315 1103 3398 psallebant,
1125 3314 1291 3381 dieentes:

286 3408 418 3496 Dignus
443 3419 494 3475 est
520 3410 739 3496 Vortegirnus
764 3413 910 3498 imperio,
938 3414 1056 3499 dignus
1086 3422 1137 3478 est
1160 3421 1292 3496 sceptro

286 3509 486 3575 Britannia:
511 3509 674 3574 Constans
690 3532 769 3574 vero
786 3512 951 3598 indignus.
997 3512 1053 3576 Ad
1075 3514 1143 3577 hae
1169 3512 1291 3576 Vorte-

284 3610 400 3696 girnus
414 3609 518 3694 magis
541 3630 579 3672 ac
596 3609 699 3694 magis
715 3611 762 3673 eis
785 3610 906 3675 donare
926 3611 1102 3686 nitebatur,
1126 3620 1165 3676 ut
1184 3612 1292 3696 magis

284 3709 437 3792 placeret.
484 3707 531 3771 At
567 3729 641 3770 cum
670 3730 814 3772 amorem
844 3730 955 3772 eorum
991 3709 1124 3773 omnino
1149 3710 1291 3793 adeptus

284 3808 413 3883 fidsset,
428 3807 501 3871 illos
520 3806 704 3881 inebriavit,
723 3807 871 3890 dixitque
892 3829 927 3871 se
947 3829 988 3871 ex
1012 3807 1186 3872 Britannia
1204 3809 1290 3874 velle

284 3908 447 3982 recedere,
464 3913 502 3969 ut
516 3906 689 3989 amphoras
700 3907 920 3988 possessiones
935 3907 1151 3990 perquireret.
1191 3906 1291 3972 Dice-

284 4009 342 4071 bat
356 4015 467 4070 autem
485 4004 549 4067 illis
569 4004 603 4066 id
622 4003 787 4067 tantillum
813 4004 901 4088 quod
925 4005 1068 4069 habebat
1089 4028 1166 4070 nom
1191 4027 1290 4090 posse

286 4105 443 4179 sufficere,
461 4110 500 4166 ut
519 4102 757 4186 quinquaginta
776 4102 935 4167 militibus
961 4103 1123 4187 stipendia
1139 4105 1287 4170 donaret.

286 4204 417 4271 Deinde
432 4201 524 4285 quasi
539 4200 655 4277 tristis,
675 4201 808 4267 secessit
823 4202 865 4266 ad
879 4201 1056 4286 hospitium
1073 4223 1178 4280 suum,
1200 4203 1290 4288 ipsos
