2862 4870
375 495 535 538 HISTORIAE
552 493 626 536 ΗΒΕ.
641 492 724 535 amr.
740 491 802 534 un.
825 491 867 534 1v.
1088 473 1127 537 75

30 599 32 682 l
127 638 257 700 rismum
274 639 485 714 delevissent,
502 639 705 730 templaque
720 636 755 698 in
776 636 900 698 honore
912 635 1127 719 plurimorum

30 755 31 758 ’
126 737 252 799 deorum
274 737 418 801 fundata
432 738 573 811 fuerant,
590 737 647 799 uni
663 735 737 799 Deo
753 735 889 818 ejusque
905 735 1025 798 sanctis
1038 734 1127 798 dedi-

30 833 31 836 ’
125 846 283 910 caverunt,
302 836 511 918 diversisque
522 835 745 898 ordinatorum
755 834 891 898 coetibus
905 835 1126 917 repleverunt.

126 932 266 997 Fuerunt
281 942 365 998 tunc
380 933 415 996 in
428 932 602 995 Britannia
616 939 689 995 ooto
705 939 739 994 et
749 930 867 1016 viginti
884 929 1129 1006 Flumineam

126 1051 184 1094 non
206 1041 240 1096 et
255 1041 328 1096 tres
345 1030 606 1104 Archiflamines,
628 1050 769 1113 quorum
784 1029 939 1111 potestati
962 1030 1064 1094 ceteri
1073 1031 1129 1113 ju-

125 1128 204 1193 dices
227 1152 364 1194 morum
389 1138 488 1212 atque
516 1127 681 1211 phanatici
712 1125 997 1191 submittebantur.
1056 1127 1130 1194 Hos

126 1227 216 1290 etiam
226 1249 267 1291 ex
279 1236 446 1312 praecepto
461 1224 643 1308 Apostolici
651 1223 846 1288 idololatria
861 1225 1073 1308 eripuerunt:
1096 1235 1131 1290 et

126 1326 177 1388 ubi
191 1334 286 1389 erant
303 1325 481 1399 Flumineo,
493 1321 684 1406 Episcopos,
696 1321 754 1384 ubi
763 1330 857 1386 erant
869 1320 1130 1398 Archiflnmines

28 1474 29 1502 2
125 1423 394 1507 Archiepiscopos
416 1430 606 1506 posuerunt.
655 1420 757 1484 Sedes
786 1429 897 1484 autem
926 1419 1133 1486 Archiflami·

28 1515 29 1524 ’
127 1542 199 1585 num
208 1523 242 1585 in
255 1522 367 1586 tribus
377 1519 590 1584 nobilioribus
602 1519 787 1583 civitatibus
796 1519 939 1595 fuerant,
950 1518 1133 1586 Londoniis

126 1621 282 1697 videlicet,
316 1629 416 1704 atque
438 1618 589 1693 Eboraci,
605 1627 645 1699 et¹
661 1619 696 1680 in
711 1618 794 1680 urbe
816 1617 1010 1703 Legionum,
1034 1641 1133 1704 quam

128 1740 218 1802 super
235 1719 361 1785 Oseam
376 1719 510 1782 fluvium
532 1717 566 1780 in
591 1715 842 1801 Glamcrgantia
856 1725 984 1781 veteres
999 1720 1084 1782 muri
1099 1729 1134 1784 et

128 1819 258 1882 edificia
274 1820 374 1882 sitam
400 1817 503 1880 fuisse
528 1823 704 1900 testantur.
766 1814 831 1878 His
847 1837 926 1900 ergo
941 1817 1047 1880 tribus
1059 1839 1134 1882 eva-

129 1924 218 1980 cunta
233 1915 480 2001 superstitione,
497 1921 570 1977 octo
585 1922 620 1977 et
634 1912 752 1998 viginti
768 1911 922 1996 Episcopi
938 1915 1134 1993 subduntur,

129 2012 262 2079 diversis
302 2035 433 2100 quoque
465 2012 636 2096 parochiis,
675 2010 839 2093 subjacuit
877 2010 1136 2096 Metropolitano

131 2109 339 2189 Eboracensi,
369 2112 474 2175 Deira
497 2119 531 2174 et
556 2109 709 2183 Albania,
727 2130 809 2193 quas
835 2130 991 2194 magnum
1014 2111 1136 2177 flumen

131 2210 272 2276 Humbri
286 2235 308 2275 a
324 2210 468 2295 Loegria
483 2209 633 2273 secernit.
680 2207 994 2272 Londoniensivero
1007 2207 1137 2275 Metro·

130 2311 271 2392 politano
288 2310 451 2374 submissa
465 2315 515 2371 est
530 2306 675 2392 Loegria
690 2315 724 2370 et
743 2306 921 2371 Cornubia.
968 2306 1041 2372 Has
1057 2309 1138 2374 duas

130 2410 311 2491 provincias
327 2407 472 2492 sejungit
496 2405 636 2470 Sabrina
652 2427 673 2468 a
689 2403 853 2480 Cambria,
866 2405 901 2468 id
916 2414 977 2481 est,
996 2406 1138 2484 Guallia,

132 2529 197 2590 qua
211 2509 289 2572 urbi
303 2507 486 2590 Legionum
502 2503 675 2586 subjacuit.

133 2765 147 2845 ᾗ
167 2768 205 2825 20
226 2782 371 2826 ar1scor1
392 2781 465 2833 nuo,
487 2780 542 2832 otu
564 2780 597 2822 nv
618 2779 812 2821 BRITANNIAM
833 2779 1008 2834 vunensnr,
1029 2781 1141 2824 nom

559 2872 717 2915 anonuur.

182 3029 245 3071 Γ·
293 3028 320 3046 2-
440 2983 506 3049 EN
508 2984 627 3064 IQUE
649 2984 845 3048 restauratis
861 2983 1021 3061 omnibus,
1038 2986 1143 3050 redie-

247 3148 250 3167 ‚
329 3074 336 3075 ἶ
438 3092 518 3147 runt
533 3081 711 3146 Antistites
734 3081 896 3146 Romame
920 3091 954 3146 et
969 3105 1041 3166 qua
1060 3083 1145 3148 feee-

439 3189 515 3245 rant
530 3203 550 3244 a
563 3180 752 3244 beatissimo
768 3177 861 3264 Papa
886 3181 1071 3245 confimari
1085 3181 1145 3244 im-

440 3287 664 3363 petraverunt.
691 3276 1145 3355 confirmationeverofacta,

144 3429 162 3458 ,
181 3406 205 3437 12
327 3444 341 3455 ,
440 3377 565 3441 reversi
588 3376 721 3440 suntin
745 3375 951 3440 Britanniam
974 3376 1147 3459 compluri-

241 3526 252 3527 κ
383 3503 386 3508 ·
440 3477 503 3539 bus
530 3475 601 3538 aliis
626 3475 792 3538 comitati:
830 3496 970 3558 quorum
1001 3474 1149 3539 doctrina

137 3597 216 3660 gens
232 3575 410 3638 Britonum
425 3574 460 3636 in
474 3573 539 3636 fide
555 3572 681 3662 Christi
696 3572 732 3635 in
745 3571 837 3636 brevi
852 3573 1064 3637 corroborata
1072 3572 1146 3638 fuit.

140 3671 262 3738 Eorum
288 3672 422 3736 nomina
446 3680 480 3735 et
506 3678 599 3735 actus
623 3670 657 3733 in
687 3669 772 3733 libro
802 3670 1024 3753 reperiuntur,
1050 3692 1148 3754 quem

141 3768 255 3836 Gildas
272 3771 313 3834 de
330 3771 467 3834 victoria
488 3769 616 3833 Aurelii
637 3767 805 3830 Ambrosii
828 3767 1004 3852 inscripsit.
1052 3769 1150 3849 Quod

141 3877 247 3933 autem
272 3870 344 3952 ipse
368 3876 436 3932 tam
459 3867 568 3931 lucido
594 3874 739 3930 tractatu
763 3875 947 3948 paraverat,
964 3867 1150 3932 nullatenus

142 3990 219 4051 opus
234 3969 301 4032 fuit
316 3975 353 4032 ut
367 3965 516 4030 inferiori
529 3965 614 4049 stylo
629 3971 855 4027 renovaretur.
