<?xml version="1.0" encoding="UTF-8"?>
<!DOCTYPE html PUBLIC "-//W3C//DTD XHTML 1.0 Transitional//EN"
    "http://www.w3.org/TR/xhtml1/DTD/xhtml1-transitional.dtd">
<html xmlns="http://www.w3.org/1999/xhtml" xml:lang="en" lang="en">
 <head>
  <title>
</title>
<meta http-equiv="Content-Type" content="text/html;charset=utf-8" />
  <meta name='ocr-system' content='tesseract 3.04.00' />
  <meta name='ocr-capabilities' content='ocr_page ocr_carea ocr_par ocr_line ocrx_word'/>
</head>
<body>
  <div class='ocr_page' id='page_1' title='image "./galfredimonumet00virugoog_0091.png"; bbox 0 0 2862 4870; ppageno 0'>
   <div class='ocr_carea' id='block_1_1' title="bbox 400 484 1149 548">
    <p class='ocr_par' dir='ltr' id='par_1_1' title="bbox 400 484 1149 548">
     <span class='ocr_line' id='line_1_1' title="bbox 400 484 1149 548; baseline -0.003 0"><span class='ocrx_word' id='word_1_1' title='bbox 400 501 558 548; x_wconf 81' lang='lat' dir='ltr'>msroann</span> <span class='ocrx_word' id='word_1_2' title='bbox 579 501 652 548; x_wconf 82' lang='lat' dir='ltr'>uno.</span> <span class='ocrx_word' id='word_1_3' title='bbox 671 497 757 547; x_wconf 71' lang='lat' dir='ltr'>‘nam</span> <span class='ocrx_word' id='word_1_4' title='bbox 778 502 840 548; x_wconf 78' lang='lat' dir='ltr'>nm.</span> <span class='ocrx_word' id='word_1_5' title='bbox 860 502 905 547; x_wconf 89' lang='lat' dir='ltr'>rr.</span> <span class='ocrx_word' id='word_1_6' title='bbox 1109 484 1149 546; x_wconf 82' lang='grc'>59</span> 
     </span>
    </p>
   </div>
   <div class='ocr_carea' id='block_1_2' title="bbox 141 645 1156 3200">
    <p class='ocr_par' dir='ltr' id='par_1_2' title="bbox 141 645 1156 3200">
     <span class='ocr_line' id='line_1_2' title="bbox 141 645 1149 734; baseline -0.003 -22"><span class='ocrx_word' id='word_1_7' title='bbox 141 645 272 713; x_wconf 91' lang='lat' dir='ltr'>Nennio</span> <span class='ocrx_word' id='word_1_8' title='bbox 284 668 500 734; x_wconf 87' lang='lat' dir='ltr'>congressum</span> <span class='ocrx_word' id='word_1_9' title='bbox 515 669 588 713; x_wconf 86' lang='lat' dir='ltr'>curn</span> <span class='ocrx_word' id='word_1_10' title='bbox 612 648 701 714; x_wconf 90' lang='lat' dir='ltr'>Julio</span> <span class='ocrx_word' id='word_1_11' title='bbox 719 647 871 712; x_wconf 83' lang='lat' dir='ltr'>faciendi.</span> <span class='ocrx_word' id='word_1_12' title='bbox 919 645 1054 710; x_wconf 84' lang='lat' dir='ltr'>Irrnens</span> <span class='ocrx_word' id='word_1_13' title='bbox 1069 665 1149 729; x_wconf 89' lang='lat' dir='ltr'>ergo</span> 
     </span>
     <span class='ocr_line' id='line_1_3' title="bbox 141 744 1149 828; baseline 0 -20"><span class='ocrx_word' id='word_1_14' title='bbox 141 745 176 808; x_wconf 91' lang='lat' dir='ltr'>in</span> <span class='ocrx_word' id='word_1_15' title='bbox 195 747 288 810; x_wconf 91' lang='lat' dir='ltr'>illum</span> <span class='ocrx_word' id='word_1_16' title='bbox 312 745 466 811; x_wconf 89' lang='lat' dir='ltr'>Nennius</span> <span class='ocrx_word' id='word_1_17' title='bbox 488 748 577 811; x_wconf 88' lang='lat' dir='ltr'>ultra</span> <span class='ocrx_word' id='word_1_18' title='bbox 601 747 735 810; x_wconf 89' lang='lat' dir='ltr'>modum</span> <span class='ocrx_word' id='word_1_19' title='bbox 759 746 890 810; x_wconf 79' lang='lat' dir='ltr'>letatur</span> <span class='ocrx_word' id='word_1_20' title='bbox 912 765 947 809; x_wconf 88' lang='lat' dir='ltr'>se</span> <span class='ocrx_word' id='word_1_21' title='bbox 972 763 1068 828; x_wconf 86' lang='lat' dir='ltr'>posse</span> <span class='ocrx_word' id='word_1_22' title='bbox 1096 744 1149 808; x_wconf 82' lang='lat' dir='ltr'>vel</span> 
     </span>
     <span class='ocr_line' id='line_1_4' title="bbox 142 841 1149 930; baseline -0.002 -22"><span class='ocrx_word' id='word_1_23' title='bbox 142 845 249 908; x_wconf 88' lang='lat' dir='ltr'>solum</span> <span class='ocrx_word' id='word_1_24' title='bbox 273 845 378 910; x_wconf 90' lang='lat' dir='ltr'>ictum</span> <span class='ocrx_word' id='word_1_25' title='bbox 406 854 501 910; x_wconf 89' lang='lat' dir='ltr'>tanto</span> <span class='ocrx_word' id='word_1_26' title='bbox 526 846 598 910; x_wconf 85' lang='lat' dir='ltr'>viro</span> <span class='ocrx_word' id='word_1_27' title='bbox 627 845 787 930; x_wconf 82' lang='lat' dir='ltr'>ingerere.</span> <span class='ocrx_word' id='word_1_28' title='bbox 834 843 944 922; x_wconf 78' lang='lat' dir='ltr'>Quem</span> <span class='ocrx_word' id='word_1_29' title='bbox 974 841 1085 906; x_wconf 79' lang='lat' dir='ltr'>Oaesar</span> <span class='ocrx_word' id='word_1_30' title='bbox 1110 851 1149 907; x_wconf 87' lang='lat' dir='ltr'>ut</span> 
     </span>
     <span class='ocr_line' id='line_1_5' title="bbox 142 942 1150 1028; baseline 0.001 -23"><span class='ocrx_word' id='word_1_31' title='bbox 142 943 301 1027; x_wconf 90' lang='lat' dir='ltr'>impetum</span> <span class='ocrx_word' id='word_1_32' title='bbox 326 946 360 1008; x_wconf 98' lang='lat' dir='ltr'>in</span> <span class='ocrx_word' id='word_1_33' title='bbox 392 967 428 1010; x_wconf 92' lang='lat' dir='ltr'>se</span> <span class='ocrx_word' id='word_1_34' title='bbox 460 945 633 1010; x_wconf 77' lang='lat' dir='ltr'><strong>facientem</strong></span> <span class='ocrx_word' id='word_1_35' title='bbox 661 943 809 1027; x_wconf 83' lang='lat' dir='ltr'><strong>aspexit:</strong></span> <span class='ocrx_word' id='word_1_36' title='bbox 846 949 1008 1026; x_wconf 68' lang='lat' dir='ltr'>praetenso</span> <span class='ocrx_word' id='word_1_37' title='bbox 1037 942 1150 1028; x_wconf 89' lang='lat' dir='ltr'>clypeo</span> 
     </span>
     <span class='ocr_line' id='line_1_6' title="bbox 142 1043 1149 1130; baseline -0.002 -22"><span class='ocrx_word' id='word_1_38' title='bbox 142 1045 280 1129; x_wconf 79' lang='lat' dir='ltr'>excepit,</span> <span class='ocrx_word' id='word_1_39' title='bbox 307 1054 342 1110; x_wconf 90' lang='lat' dir='ltr'>et</span> <span class='ocrx_word' id='word_1_40' title='bbox 364 1053 525 1130; x_wconf 78' lang='lat' dir='ltr'>quantum</span> <span class='ocrx_word' id='word_1_41' title='bbox 553 1046 640 1110; x_wconf 88' lang='lat' dir='ltr'>vires</span> <span class='ocrx_word' id='word_1_42' title='bbox 668 1045 898 1129; x_wconf 86' lang='lat' dir='ltr'>permiserunt,</span> <span class='ocrx_word' id='word_1_43' title='bbox 925 1064 1001 1108; x_wconf 88' lang='lat' dir='ltr'>cum</span> <span class='ocrx_word' id='word_1_44' title='bbox 1026 1043 1149 1107; x_wconf 90' lang='lat' dir='ltr'>nudato</span> 
     </span>
     <span class='ocr_line' id='line_1_7' title="bbox 142 1141 1151 1230; baseline -0.002 -22"><span class='ocrx_word' id='word_1_45' title='bbox 142 1163 222 1208; x_wconf 88' lang='lat' dir='ltr'>ense</span> <span class='ocrx_word' id='word_1_46' title='bbox 243 1145 353 1228; x_wconf 89' lang='lat' dir='ltr'>ipsum</span> <span class='ocrx_word' id='word_1_47' title='bbox 380 1165 479 1230; x_wconf 90' lang='lat' dir='ltr'>super</span> <span class='ocrx_word' id='word_1_48' title='bbox 504 1146 662 1210; x_wconf 78' lang='lat' dir='ltr'><strong>cassidem</strong></span> <span class='ocrx_word' id='word_1_49' title='bbox 685 1143 855 1228; x_wconf 82' lang='lat' dir='ltr'><strong>percussit.</strong></span> <span class='ocrx_word' id='word_1_50' title='bbox 901 1141 1024 1208; x_wconf 82' lang='lat' dir='ltr'>Erecto</span> <span class='ocrx_word' id='word_1_51' title='bbox 1047 1143 1151 1227; x_wconf 88' lang='lat' dir='ltr'>igitur</span> 
     </span>
     <span class='ocr_line' id='line_1_8' title="bbox 142 1243 1151 1328; baseline -0.001 -21"><span class='ocrx_word' id='word_1_52' title='bbox 142 1243 252 1327; x_wconf 87' lang='lat' dir='ltr'>gladio</span> <span class='ocrx_word' id='word_1_53' title='bbox 263 1245 370 1309; x_wconf 91' lang='lat' dir='ltr'>voluit</span> <span class='ocrx_word' id='word_1_54' title='bbox 384 1244 501 1328; x_wconf 85' lang='lat' dir='ltr'>exequi</span> <span class='ocrx_word' id='word_1_55' title='bbox 514 1245 654 1328; x_wconf 91' lang='lat' dir='ltr'>primum</span> <span class='ocrx_word' id='word_1_56' title='bbox 668 1243 780 1319; x_wconf 85' lang='lat' dir='ltr'>ictum,</span> <span class='ocrx_word' id='word_1_57' title='bbox 804 1251 843 1306; x_wconf 86' lang='lat' dir='ltr'>ut</span> <span class='ocrx_word' id='word_1_58' title='bbox 851 1243 1019 1307; x_wconf 85' lang='lat' dir='ltr'>letiferum</span> <span class='ocrx_word' id='word_1_59' title='bbox 1032 1243 1151 1308; x_wconf 78' lang='lat' dir='ltr'>vulnus</span> 
     </span>
     <span class='ocr_line' id='line_1_9' title="bbox 142 1341 1151 1428; baseline 0.001 -23"><span class='ocrx_word' id='word_1_60' title='bbox 142 1342 367 1427; x_wconf 87' lang='lat' dir='ltr'>imprimeret:</span> <span class='ocrx_word' id='word_1_61' title='bbox 391 1345 479 1428; x_wconf 92' lang='lat' dir='ltr'>quod</span> <span class='ocrx_word' id='word_1_62' title='bbox 502 1362 576 1408; x_wconf 87' lang='lat' dir='ltr'>curn</span> <span class='ocrx_word' id='word_1_63' title='bbox 591 1342 742 1407; x_wconf 90' lang='lat' dir='ltr'>Nennius</span> <span class='ocrx_word' id='word_1_64' title='bbox 757 1343 931 1418; x_wconf 89' lang='lat' dir='ltr'>calluisset,</span> <span class='ocrx_word' id='word_1_65' title='bbox 953 1341 1151 1426; x_wconf 72' lang='lat' dir='ltr'>interposuit</span> 
     </span>
     <span class='ocr_line' id='line_1_10' title="bbox 144 1440 1151 1527; baseline 0.001 -24"><span class='ocrx_word' id='word_1_66' title='bbox 144 1440 291 1525; x_wconf 88' lang='lat' dir='ltr'>clypeum</span> <span class='ocrx_word' id='word_1_67' title='bbox 312 1464 417 1518; x_wconf 87' lang='lat' dir='ltr'>suum,</span> <span class='ocrx_word' id='word_1_68' title='bbox 438 1443 473 1505; x_wconf 92' lang='lat' dir='ltr'>in</span> <span class='ocrx_word' id='word_1_69' title='bbox 488 1463 553 1527; x_wconf 92' lang='lat' dir='ltr'>quo</span> <span class='ocrx_word' id='word_1_70' title='bbox 568 1462 681 1506; x_wconf 88' lang='lat' dir='ltr'>mucro</span> <span class='ocrx_word' id='word_1_71' title='bbox 705 1440 786 1505; x_wconf 91' lang='lat' dir='ltr'>Julii</span> <span class='ocrx_word' id='word_1_72' title='bbox 807 1461 828 1504; x_wconf 90' lang='lat' dir='ltr'>a</span> <span class='ocrx_word' id='word_1_73' title='bbox 852 1440 979 1505; x_wconf 84' lang='lat' dir='ltr'>casside</span> <span class='ocrx_word' id='word_1_74' title='bbox 999 1440 1151 1504; x_wconf 87' lang='lat' dir='ltr'>maximis</span> 
     </span>
     <span class='ocr_line' id='line_1_11' title="bbox 142 1537 1151 1615; baseline 0.002 -14"><span class='ocrx_word' id='word_1_75' title='bbox 142 1539 256 1604; x_wconf 87' lang='lat' dir='ltr'>labens</span> <span class='ocrx_word' id='word_1_76' title='bbox 270 1539 397 1604; x_wconf 87' lang='lat' dir='ltr'>viribus</span> <span class='ocrx_word' id='word_1_77' title='bbox 420 1541 570 1605; x_wconf 81' lang='lat' dir='ltr'>inhaesit:</span> <span class='ocrx_word' id='word_1_78' title='bbox 593 1540 642 1604; x_wconf 90' lang='lat' dir='ltr'>ita</span> <span class='ocrx_word' id='word_1_79' title='bbox 655 1547 703 1615; x_wconf 86' lang='lat' dir='ltr'>ut,</span> <span class='ocrx_word' id='word_1_80' title='bbox 719 1560 794 1603; x_wconf 89' lang='lat' dir='ltr'>cum</span> <span class='ocrx_word' id='word_1_81' title='bbox 815 1538 1017 1604; x_wconf 89' lang='lat' dir='ltr'>irruentibus</span> <span class='ocrx_word' id='word_1_82' title='bbox 1031 1537 1151 1603; x_wconf 83' lang='lat' dir='ltr'>turmis</span> 
     </span>
     <span class='ocr_line' id='line_1_12' title="bbox 145 1636 1152 1723; baseline 0 -21"><span class='ocrx_word' id='word_1_83' title='bbox 145 1639 270 1704; x_wconf 88' lang='lat' dir='ltr'>diutius</span> <span class='ocrx_word' id='word_1_84' title='bbox 285 1639 442 1723; x_wconf 83' lang='lat' dir='ltr'>congredi</span> <span class='ocrx_word' id='word_1_85' title='bbox 452 1639 636 1723; x_wconf 90' lang='lat' dir='ltr'>nequirent,</span> <span class='ocrx_word' id='word_1_86' title='bbox 657 1637 765 1722; x_wconf 93' lang='lat' dir='ltr'>ipsum</span> <span class='ocrx_word' id='word_1_87' title='bbox 780 1636 964 1722; x_wconf 78' lang='lat' dir='ltr'>Imperator</span> <span class='ocrx_word' id='word_1_88' title='bbox 979 1637 1152 1702; x_wconf 73' lang='lat' dir='ltr'>extrahere</span> 
     </span>
     <span class='ocr_line' id='line_1_13' title="bbox 143 1737 1152 1824; baseline 0.001 -22"><span class='ocrx_word' id='word_1_89' title='bbox 143 1759 212 1802; x_wconf 90' lang='lat' dir='ltr'>non</span> <span class='ocrx_word' id='word_1_90' title='bbox 221 1739 378 1822; x_wconf 87' lang='lat' dir='ltr'>potuerit.</span> <span class='ocrx_word' id='word_1_91' title='bbox 424 1737 575 1803; x_wconf 91' lang='lat' dir='ltr'>Nennius</span> <span class='ocrx_word' id='word_1_92' title='bbox 590 1758 670 1822; x_wconf 88' lang='lat' dir='ltr'>ergo</span> <span class='ocrx_word' id='word_1_93' title='bbox 684 1737 830 1824; x_wconf 80' lang='lat' dir='ltr'>gladium</span> <span class='ocrx_word' id='word_1_94' title='bbox 842 1737 982 1802; x_wconf 72' lang='lat' dir='ltr'>Cumis</span> <span class='ocrx_word' id='word_1_95' title='bbox 995 1737 1152 1822; x_wconf 65' lang='lat' dir='ltr'>predicto</span> 
     </span>
     <span class='ocr_line' id='line_1_14' title="bbox 142 1837 1152 1922; baseline 0 -20"><span class='ocrx_word' id='word_1_96' title='bbox 142 1838 243 1903; x_wconf 91' lang='lat' dir='ltr'>modo</span> <span class='ocrx_word' id='word_1_97' title='bbox 257 1838 408 1922; x_wconf 88' lang='lat' dir='ltr'>adeptus,</span> <span class='ocrx_word' id='word_1_98' title='bbox 423 1837 542 1920; x_wconf 84' lang='lat' dir='ltr'>abjecit</span> <span class='ocrx_word' id='word_1_99' title='bbox 557 1857 653 1900; x_wconf 89' lang='lat' dir='ltr'>suum</span> <span class='ocrx_word' id='word_1_100' title='bbox 665 1857 763 1920; x_wconf 92' lang='lat' dir='ltr'>quem</span> <span class='ocrx_word' id='word_1_101' title='bbox 772 1837 915 1911; x_wconf 90' lang='lat' dir='ltr'>tenebat,</span> <span class='ocrx_word' id='word_1_102' title='bbox 938 1844 973 1900; x_wconf 86' lang='lat' dir='ltr'>et</span> <span class='ocrx_word' id='word_1_103' title='bbox 986 1837 1152 1902; x_wconf 66' lang='lat' dir='ltr'>abstramo</span> 
     </span>
     <span class='ocr_line' id='line_1_15' title="bbox 143 1933 1152 2019; baseline -0.004 -17"><span class='ocrx_word' id='word_1_104' title='bbox 143 1935 714 2002; x_wconf 84' lang='lat' dir='ltr'>alteroinhcstesirruerefestinat.</span> <span class='ocrx_word' id='word_1_105' title='bbox 755 1933 1152 2019; x_wconf 74' lang='lat' dir='ltr'>Quemcunqneuumipso</span> 
     </span>
     <span class='ocr_line' id='line_1_16' title="bbox 144 2033 1152 2122; baseline -0.002 -22"><span class='ocrx_word' id='word_1_106' title='bbox 144 2035 352 2122; x_wconf 86' lang='lat' dir='ltr'>percutiebat</span> <span class='ocrx_word' id='word_1_107' title='bbox 360 2035 413 2100; x_wconf 91' lang='lat' dir='ltr'>vel</span> <span class='ocrx_word' id='word_1_108' title='bbox 430 2035 460 2099; x_wconf 94' lang='lat' dir='ltr'>ei</span> <span class='ocrx_word' id='word_1_109' title='bbox 476 2042 572 2119; x_wconf 88' lang='lat' dir='ltr'>caput</span> <span class='ocrx_word' id='word_1_110' title='bbox 587 2034 787 2119; x_wconf 78' lang='lat' dir='ltr'>amputabat,</span> <span class='ocrx_word' id='word_1_111' title='bbox 807 2035 860 2098; x_wconf 85' lang='lat' dir='ltr'>vel</span> <span class='ocrx_word' id='word_1_112' title='bbox 879 2055 954 2100; x_wconf 90' lang='lat' dir='ltr'>cum</span> <span class='ocrx_word' id='word_1_113' title='bbox 971 2033 1152 2100; x_wconf 67' lang='lat' dir='ltr'>saciacum</span> 
     </span>
     <span class='ocr_line' id='line_1_17' title="bbox 143 2129 1153 2220; baseline -0.004 -21"><span class='ocrx_word' id='word_1_114' title='bbox 143 2134 349 2220; x_wconf 63' lang='lat' dir='ltr'>preteribat:</span> <span class='ocrx_word' id='word_1_115' title='bbox 371 2134 420 2198; x_wconf 89' lang='lat' dir='ltr'>ita</span> <span class='ocrx_word' id='word_1_116' title='bbox 428 2141 467 2196; x_wconf 86' lang='lat' dir='ltr'>ut</span> <span class='ocrx_word' id='word_1_117' title='bbox 476 2133 566 2196; x_wconf 91' lang='lat' dir='ltr'>nulla</span> <span class='ocrx_word' id='word_1_118' title='bbox 577 2153 651 2216; x_wconf 90' lang='lat' dir='ltr'>spes</span> <span class='ocrx_word' id='word_1_119' title='bbox 665 2132 795 2197; x_wconf 86' lang='lat' dir='ltr'>vivendi</span> <span class='ocrx_word' id='word_1_120' title='bbox 809 2132 844 2196; x_wconf 91' lang='lat' dir='ltr'>in</span> <span class='ocrx_word' id='word_1_121' title='bbox 859 2138 1060 2197; x_wconf 69' lang='lat' dir='ltr'>eomanmet</span> <span class='ocrx_word' id='word_1_122' title='bbox 1099 2129 1153 2195; x_wconf 91' lang='lat' dir='ltr'>Illi</span> 
     </span>
     <span class='ocr_line' id='line_1_18' title="bbox 145 2229 1152 2301; baseline -0.008 0"><span class='ocrx_word' id='word_1_123' title='bbox 145 2237 280 2301; x_wconf 81' lang='lat' dir='ltr'>tandem</span> <span class='ocrx_word' id='word_1_124' title='bbox 294 2234 329 2297; x_wconf 89' lang='lat' dir='ltr'>in</span> <span class='ocrx_word' id='word_1_125' title='bbox 341 2234 431 2296; x_wconf 91' lang='lat' dir='ltr'>hunc</span> <span class='ocrx_word' id='word_1_126' title='bbox 444 2233 577 2296; x_wconf 90' lang='lat' dir='ltr'>modum</span> <span class='ocrx_word' id='word_1_127' title='bbox 592 2232 738 2296; x_wconf 82' lang='lat' dir='ltr'>saevienti</span> <span class='ocrx_word' id='word_1_128' title='bbox 753 2231 897 2297; x_wconf 81' lang='lat' dir='ltr'>obviavit</span> <span class='ocrx_word' id='word_1_129' title='bbox 911 2230 1078 2296; x_wconf 79' lang='lat' dir='ltr'>Labienus</span> <span class='ocrx_word' id='word_1_130' title='bbox 1092 2229 1152 2293; x_wconf 90' lang='lat' dir='ltr'>tri-</span> 
     </span>
     <span class='ocr_line' id='line_1_19' title="bbox 144 2327 1153 2415; baseline -0.01 -16"><span class='ocrx_word' id='word_1_131' title='bbox 144 2335 265 2409; x_wconf 90' lang='lat' dir='ltr'>bunus,</span> <span class='ocrx_word' id='word_1_132' title='bbox 288 2333 346 2397; x_wconf 88' lang='lat' dir='ltr'>scd</span> <span class='ocrx_word' id='word_1_133' title='bbox 374 2332 409 2395; x_wconf 90' lang='lat' dir='ltr'>in</span> <span class='ocrx_word' id='word_1_134' title='bbox 431 2331 537 2415; x_wconf 87' lang='lat' dir='ltr'>primo</span> <span class='ocrx_word' id='word_1_135' title='bbox 553 2349 731 2414; x_wconf 86' lang='lat' dir='ltr'>congressu</span> <span class='ocrx_word' id='word_1_136' title='bbox 750 2350 772 2393; x_wconf 86' lang='lat' dir='ltr'>a</span> <span class='ocrx_word' id='word_1_137' title='bbox 804 2327 935 2394; x_wconf 91' lang='lat' dir='ltr'>Nennio</span> <span class='ocrx_word' id='word_1_138' title='bbox 964 2335 1153 2413; x_wconf 88' lang='lat' dir='ltr'>peremptus</span> 
     </span>
     <span class='ocr_line' id='line_1_20' title="bbox 145 2428 1154 2516; baseline -0.006 -18"><span class='ocrx_word' id='word_1_139' title='bbox 145 2443 206 2498; x_wconf 87' lang='lat' dir='ltr'>est.</span> <span class='ocrx_word' id='word_1_140' title='bbox 253 2432 408 2516; x_wconf 88' lang='lat' dir='ltr'>Denique</span> <span class='ocrx_word' id='word_1_141' title='bbox 433 2431 574 2514; x_wconf 85' lang='lat' dir='ltr'>plurima</span> <span class='ocrx_word' id='word_1_142' title='bbox 594 2438 689 2514; x_wconf 85' lang='lat' dir='ltr'>parte</span> <span class='ocrx_word' id='word_1_143' title='bbox 710 2429 774 2493; x_wconf 93' lang='lat' dir='ltr'>diei</span> <span class='ocrx_word' id='word_1_144' title='bbox 789 2449 930 2504; x_wconf 86' lang='lat' dir='ltr'>emensa,</span> <span class='ocrx_word' id='word_1_145' title='bbox 953 2428 1154 2492; x_wconf 85' lang='lat' dir='ltr'>irruentibus</span> 
     </span>
     <span class='ocr_line' id='line_1_21' title="bbox 147 2525 1153 2611; baseline -0.005 -16"><span class='ocrx_word' id='word_1_146' title='bbox 147 2531 343 2596; x_wconf 87' lang='lat' dir='ltr'>Britonibus</span> <span class='ocrx_word' id='word_1_147' title='bbox 364 2530 473 2594; x_wconf 87' lang='lat' dir='ltr'>densis</span> <span class='ocrx_word' id='word_1_148' title='bbox 487 2529 615 2604; x_wconf 85' lang='lat' dir='ltr'>turmis,</span> <span class='ocrx_word' id='word_1_149' title='bbox 639 2536 673 2592; x_wconf 89' lang='lat' dir='ltr'>et</span> <span class='ocrx_word' id='word_1_150' title='bbox 698 2528 835 2592; x_wconf 87' lang='lat' dir='ltr'>audaces</span> <span class='ocrx_word' id='word_1_151' title='bbox 849 2527 989 2611; x_wconf 87' lang='lat' dir='ltr'>impetus</span> <span class='ocrx_word' id='word_1_152' title='bbox 1003 2525 1153 2590; x_wconf 84' lang='lat' dir='ltr'>facienti-</span> 
     </span>
     <span class='ocr_line' id='line_1_22' title="bbox 146 2625 1156 2710; baseline -0.008 -14"><span class='ocrx_word' id='word_1_153' title='bbox 146 2631 217 2706; x_wconf 87' lang='lat' dir='ltr'>bus,</span> <span class='ocrx_word' id='word_1_154' title='bbox 233 2629 373 2694; x_wconf 84' lang='lat' dir='ltr'>victoria</span> <span class='ocrx_word' id='word_1_155' title='bbox 387 2627 462 2692; x_wconf 90' lang='lat' dir='ltr'>Deo</span> <span class='ocrx_word' id='word_1_156' title='bbox 476 2628 608 2692; x_wconf 82' lang='lat' dir='ltr'>favente</span> <span class='ocrx_word' id='word_1_157' title='bbox 621 2626 790 2710; x_wconf 86' lang='lat' dir='ltr'>provenit:</span> <span class='ocrx_word' id='word_1_158' title='bbox 813 2633 847 2690; x_wconf 90' lang='lat' dir='ltr'>et</span> <span class='ocrx_word' id='word_1_159' title='bbox 860 2625 970 2690; x_wconf 80' lang='lat' dir='ltr'>Cacsar</span> <span class='ocrx_word' id='word_1_160' title='bbox 985 2645 1058 2689; x_wconf 90' lang='lat' dir='ltr'>sese</span> <span class='ocrx_word' id='word_1_161' title='bbox 1067 2625 1156 2688; x_wconf 84' lang='lat' dir='ltr'>intra</span> 
     </span>
     <span class='ocr_line' id='line_1_23' title="bbox 147 2721 1156 2808; baseline -0.007 -13"><span class='ocrx_word' id='word_1_162' title='bbox 147 2739 256 2795; x_wconf 81' lang='lat' dir='ltr'>castra</span> <span class='ocrx_word' id='word_1_163' title='bbox 277 2737 311 2792; x_wconf 88' lang='lat' dir='ltr'>et</span> <span class='ocrx_word' id='word_1_164' title='bbox 332 2748 433 2792; x_wconf 87' lang='lat' dir='ltr'>naves</span> <span class='ocrx_word' id='word_1_165' title='bbox 461 2725 613 2791; x_wconf 86' lang='lat' dir='ltr'>laceratis</span> <span class='ocrx_word' id='word_1_166' title='bbox 637 2723 796 2789; x_wconf 89' lang='lat' dir='ltr'>Romanis</span> <span class='ocrx_word' id='word_1_167' title='bbox 821 2723 955 2806; x_wconf 88' lang='lat' dir='ltr'>recepit.</span> <span class='ocrx_word' id='word_1_168' title='bbox 1000 2721 1156 2808; x_wconf 89' lang='lat' dir='ltr'>Denique</span> 
     </span>
     <span class='ocr_line' id='line_1_24' title="bbox 147 2819 1155 2906; baseline -0.01 -12"><span class='ocrx_word' id='word_1_169' title='bbox 147 2837 243 2894; x_wconf 84' lang='lat' dir='ltr'>nocte</span> <span class='ocrx_word' id='word_1_170' title='bbox 257 2828 315 2892; x_wconf 85' lang='lat' dir='ltr'>illa</span> <span class='ocrx_word' id='word_1_171' title='bbox 329 2825 498 2890; x_wconf 85' lang='lat' dir='ltr'>resociatis</span> <span class='ocrx_word' id='word_1_172' title='bbox 513 2822 640 2898; x_wconf 85' lang='lat' dir='ltr'>ceteris,</span> <span class='ocrx_word' id='word_1_173' title='bbox 655 2843 754 2886; x_wconf 86' lang='lat' dir='ltr'>naves</span> <span class='ocrx_word' id='word_1_174' title='bbox 767 2843 840 2887; x_wconf 88' lang='lat' dir='ltr'>suas</span> <span class='ocrx_word' id='word_1_175' title='bbox 855 2820 1000 2896; x_wconf 87' lang='lat' dir='ltr'>intrarit,</span> <span class='ocrx_word' id='word_1_176' title='bbox 1016 2829 1050 2885; x_wconf 87' lang='lat' dir='ltr'>et</span> <span class='ocrx_word' id='word_1_177' title='bbox 1065 2819 1155 2906; x_wconf 88' lang='lat' dir='ltr'>Nep-</span> 
     </span>
     <span class='ocr_line' id='line_1_25' title="bbox 148 2919 1156 3014; baseline -0.009 -21"><span class='ocrx_word' id='word_1_178' title='bbox 148 2945 264 3002; x_wconf 76' lang='lat' dir='ltr'>tunum</span> <span class='ocrx_word' id='word_1_179' title='bbox 275 2949 336 3014; x_wconf 91' lang='lat' dir='ltr'>pro</span> <span class='ocrx_word' id='word_1_180' title='bbox 348 2924 463 2990; x_wconf 83' lang='lat' dir='ltr'>castris</span> <span class='ocrx_word' id='word_1_181' title='bbox 477 2923 599 2986; x_wconf 87' lang='lat' dir='ltr'>habere</span> <span class='ocrx_word' id='word_1_182' title='bbox 609 2921 750 2984; x_wconf 85' lang='lat' dir='ltr'>laetatur.</span> <span class='ocrx_word' id='word_1_183' title='bbox 792 2919 946 3003; x_wconf 73' lang='lat' dir='ltr'>Cumque</span> <span class='ocrx_word' id='word_1_184' title='bbox 954 2919 1017 3003; x_wconf 89' lang='lat' dir='ltr'>ipsi</span> <span class='ocrx_word' id='word_1_185' title='bbox 1031 2919 1156 2984; x_wconf 82' lang='lat' dir='ltr'>dissua-</span> 
     </span>
     <span class='ocr_line' id='line_1_26' title="bbox 151 3017 1154 3109; baseline -0.017 -9"><span class='ocrx_word' id='word_1_186' title='bbox 151 3035 270 3099; x_wconf 85' lang='lat' dir='ltr'>sissent</span> <span class='ocrx_word' id='word_1_187' title='bbox 286 3026 367 3094; x_wconf 88' lang='lat' dir='ltr'>socii</span> <span class='ocrx_word' id='word_1_188' title='bbox 377 3023 489 3109; x_wconf 73' lang='lat' dir='ltr'>praelia</span> <span class='ocrx_word' id='word_1_189' title='bbox 504 3021 628 3086; x_wconf 89' lang='lat' dir='ltr'>diutius</span> <span class='ocrx_word' id='word_1_190' title='bbox 637 3019 801 3104; x_wconf 86' lang='lat' dir='ltr'>ingerere:</span> <span class='ocrx_word' id='word_1_191' title='bbox 824 3017 1031 3102; x_wconf 76' lang='lat' dir='ltr'>acquiescens</span> <span class='ocrx_word' id='word_1_192' title='bbox 1043 3039 1154 3083; x_wconf 89' lang='lat' dir='ltr'>eorum</span> 
     </span>
     <span class='ocr_line' id='line_1_27' title="bbox 150 3120 833 3200; baseline -0.028 -1"><span class='ocrx_word' id='word_1_193' title='bbox 150 3128 393 3200; x_wconf 88' lang='lat' dir='ltr'>monitionibus,</span> <span class='ocrx_word' id='word_1_194' title='bbox 404 3123 439 3186; x_wconf 89' lang='lat' dir='ltr'>in</span> <span class='ocrx_word' id='word_1_195' title='bbox 456 3120 597 3185; x_wconf 86' lang='lat' dir='ltr'>Galliam</span> <span class='ocrx_word' id='word_1_196' title='bbox 611 3137 761 3183; x_wconf 87' lang='lat' dir='ltr'>reversus</span> <span class='ocrx_word' id='word_1_197' title='bbox 773 3125 833 3182; x_wconf 87' lang='lat' dir='ltr'>est.</span> 
     </span>
    </p>
   </div>
   <div class='ocr_carea' id='block_1_3' title="bbox 297 3387 1015 3468">
    <p class='ocr_par' dir='ltr' id='par_1_3' title="bbox 297 3387 1015 3468">
     <span class='ocr_line' id='line_1_28' title="bbox 297 3387 1015 3468; baseline -0.011 -24"><span class='ocrx_word' id='word_1_198' title='bbox 297 3387 312 3468; x_wconf 68' lang='grc' dir='ltr'><strong>ς</strong></span> <span class='ocrx_word' id='word_1_199' title='bbox 334 3387 364 3446; x_wconf 89' lang='grc'>4.</span> <span class='ocrx_word' id='word_1_200' title='bbox 385 3397 531 3452; x_wconf 81' lang='lat' dir='ltr'>rnrrms,</span> <span class='ocrx_word' id='word_1_201' title='bbox 552 3397 573 3438; x_wconf 80' lang='lat' dir='ltr'><strong>s</strong></span> <span class='ocrx_word' id='word_1_202' title='bbox 593 3394 721 3439; x_wconf 72' lang='lat' dir='ltr'>cassan</span> <span class='ocrx_word' id='word_1_203' title='bbox 742 3393 841 3450; x_wconf 84' lang='lat' dir='ltr'>rurus,</span> <span class='ocrx_word' id='word_1_204' title='bbox 862 3391 1015 3436; x_wconf 82' lang='lat' dir='ltr'>uosrrun.</span> 
     </span>
    </p>
   </div>
   <div class='ocr_carea' id='block_1_4' title="bbox 167 3503 1158 3692">
    <p class='ocr_par' dir='ltr' id='par_1_4' title="bbox 167 3503 1158 3692">
     <span class='ocr_line' id='line_1_29' title="bbox 260 3503 1157 3592; baseline -0.009 -15"><span class='ocrx_word' id='word_1_205' title='bbox 260 3552 275 3555; x_wconf 59' lang='lat'><em>„</em></span> <span class='ocrx_word' id='word_1_206' title='bbox 454 3505 854 3575; x_wconf 87' lang='lat' dir='ltr'>ASSIBELLAUNUS</span> <span class='ocrx_word' id='word_1_207' title='bbox 879 3527 958 3592; x_wconf 88' lang='lat' dir='ltr'>ergo</span> <span class='ocrx_word' id='word_1_208' title='bbox 983 3506 1025 3570; x_wconf 91' lang='lat' dir='ltr'>ob</span> <span class='ocrx_word' id='word_1_209' title='bbox 1047 3503 1157 3590; x_wconf 81' lang='lat' dir='ltr'>iecep-</span> 
     </span>
     <span class='ocr_line' id='line_1_30' title="bbox 167 3604 1158 3692; baseline -0.009 -15"><span class='ocrx_word' id='word_1_210' title='bbox 167 3606 186 3647; x_wconf 49' lang='lat'>¹³</span> <span class='ocrx_word' id='word_1_211' title='bbox 453 3619 526 3674; x_wconf 85' lang='lat' dir='ltr'>tum</span> <span class='ocrx_word' id='word_1_212' title='bbox 540 3608 743 3690; x_wconf 87' lang='lat' dir='ltr'>triumphurn</span> <span class='ocrx_word' id='word_1_213' title='bbox 762 3606 867 3682; x_wconf 85' lang='lat' dir='ltr'>laetus,</span> <span class='ocrx_word' id='word_1_214' title='bbox 883 3614 994 3692; x_wconf 86' lang='lat' dir='ltr'>grates</span> <span class='ocrx_word' id='word_1_215' title='bbox 1011 3605 1071 3670; x_wconf 91' lang='lat' dir='ltr'>deo</span> <span class='ocrx_word' id='word_1_216' title='bbox 1095 3604 1158 3669; x_wconf 91' lang='lat' dir='ltr'>sol-</span> 
     </span>
    </p>
   </div>
   <div class='ocr_carea' id='block_1_5' title="bbox 163 3664 1161 4290">
    <p class='ocr_par' dir='ltr' id='par_1_5' title="bbox 163 3664 1159 3933">
     <span class='ocr_line' id='line_1_31' title="bbox 163 3664 1158 3782; baseline -0.001 -14"><span class='ocrx_word' id='word_1_217' title='bbox 163 3683 171 3739; x_wconf 33' lang='lat' dir='ltr'>i</span> <span class='ocrx_word' id='word_1_218' title='bbox 235 3664 403 3777; x_wconf 42' lang='lat' dir='ltr'>{diffisi}</span> <span class='ocrx_word' id='word_1_219' title='bbox 454 3728 545 3782; x_wconf 89' lang='lat' dir='ltr'>vens,</span> <span class='ocrx_word' id='word_1_220' title='bbox 570 3705 674 3770; x_wconf 89' lang='lat' dir='ltr'>socios</span> <span class='ocrx_word' id='word_1_221' title='bbox 693 3704 837 3769; x_wconf 78' lang='lat' dir='ltr'>victoria</span> <span class='ocrx_word' id='word_1_222' title='bbox 861 3725 927 3768; x_wconf 82' lang='lat' dir='ltr'>suae</span> <span class='ocrx_word' id='word_1_223' title='bbox 949 3703 1158 3768; x_wconf 87' lang='lat' dir='ltr'>convocarit:</span> 
     </span>
     <span class='ocr_line' id='line_1_32' title="bbox 261 3780 1159 3933; baseline -0.007 -63"><span class='ocrx_word' id='word_1_224' title='bbox 261 3884 277 3891; x_wconf 8' lang='grc' dir='ltr'>,ἵ</span> <span class='ocrx_word' id='word_1_225' title='bbox 321 3828 337 3857; x_wconf 68' lang='grc' dir='ltr'>’τ</span> <span class='ocrx_word' id='word_1_226' title='bbox 363 3780 409 3933; x_wconf 48' lang='grc' dir='ltr'><em>ἒ</em></span> <span class='ocrx_word' id='word_1_227' title='bbox 456 3814 490 3870; x_wconf 86' lang='lat' dir='ltr'>et</span> <span class='ocrx_word' id='word_1_228' title='bbox 504 3824 783 3888; x_wconf 90' lang='lat' dir='ltr'>unumquemque</span> <span class='ocrx_word' id='word_1_229' title='bbox 799 3802 899 3886; x_wconf 83' lang='lat' dir='ltr'>juxta</span> <span class='ocrx_word' id='word_1_230' title='bbox 913 3801 1069 3866; x_wconf 89' lang='lat' dir='ltr'>meritum</span> <span class='ocrx_word' id='word_1_231' title='bbox 1083 3822 1159 3885; x_wconf 92' lang='lat' dir='ltr'>pro-</span> 
     </span>
    </p>

    <p class='ocr_par' dir='ltr' id='par_1_6' title="bbox 165 3896 1161 4290">
     <span class='ocr_line' id='line_1_33' title="bbox 287 3899 1157 3987; baseline -0.004 -20.463"><span class='ocrx_word' id='word_1_232' title='bbox 287 3912 324 3985; x_wconf 67' lang='lat' dir='ltr'>1ss</span> <span class='ocrx_word' id='word_1_233' title='bbox 350 3904 405 3987; x_wconf 59' lang='grc' dir='ltr'>,ι’</span> <span class='ocrx_word' id='word_1_234' title='bbox 455 3903 569 3968; x_wconf 87' lang='lat' dir='ltr'>bitatis</span> <span class='ocrx_word' id='word_1_235' title='bbox 602 3902 753 3966; x_wconf 85' lang='lat' dir='ltr'>maximis</span> <span class='ocrx_word' id='word_1_236' title='bbox 786 3900 977 3965; x_wconf 89' lang='lat' dir='ltr'>muneribus</span> <span class='ocrx_word' id='word_1_237' title='bbox 1012 3899 1157 3964; x_wconf 83' lang='lat' dir='ltr'>donavit.</span> 
     </span>
     <span class='ocr_line' id='line_1_34' title="bbox 197 3986 1159 4088; baseline -0.006 -21"><span class='ocrx_word' id='word_1_238' title='bbox 197 4010 199 4015; x_wconf 87' lang='grc'><strong>’</strong></span> <span class='ocrx_word' id='word_1_239' title='bbox 367 3986 410 4051; x_wconf 51' lang='lat' dir='ltr'>1?st</span> <span class='ocrx_word' id='word_1_240' title='bbox 457 4002 652 4088; x_wconf 86' lang='lat' dir='ltr'>Augebatur</span> <span class='ocrx_word' id='word_1_241' title='bbox 666 4010 777 4065; x_wconf 87' lang='lat' dir='ltr'>tamen</span> <span class='ocrx_word' id='word_1_242' title='bbox 792 4022 833 4065; x_wconf 82' lang='lat' dir='ltr'>ex</span> <span class='ocrx_word' id='word_1_243' title='bbox 848 3999 912 4063; x_wconf 89' lang='lat' dir='ltr'>alia</span> <span class='ocrx_word' id='word_1_244' title='bbox 926 4005 1020 4082; x_wconf 85' lang='lat' dir='ltr'>parte</span> <span class='ocrx_word' id='word_1_245' title='bbox 1036 3997 1159 4074; x_wconf 90' lang='lat' dir='ltr'>dolore,</span> 
     </span>
     <span class='ocr_line' id='line_1_35' title="bbox 165 4097 1161 4192; baseline -0.014 -19"><span class='ocrx_word' id='word_1_246' title='bbox 165 4109 237 4192; x_wconf 87' lang='lat' dir='ltr'>quia</span> <span class='ocrx_word' id='word_1_247' title='bbox 250 4107 355 4171; x_wconf 80' lang='lat' dir='ltr'>irater</span> <span class='ocrx_word' id='word_1_248' title='bbox 371 4123 450 4168; x_wconf 91' lang='lat' dir='ltr'>suus</span> <span class='ocrx_word' id='word_1_249' title='bbox 465 4099 617 4165; x_wconf 90' lang='lat' dir='ltr'>Nennius</span> <span class='ocrx_word' id='word_1_250' title='bbox 642 4100 784 4164; x_wconf 89' lang='lat' dir='ltr'>letaliter</span> <span class='ocrx_word' id='word_1_251' title='bbox 799 4097 989 4163; x_wconf 88' lang='lat' dir='ltr'>vulneratus</span> <span class='ocrx_word' id='word_1_252' title='bbox 1004 4097 1039 4160; x_wconf 92' lang='lat' dir='ltr'>in</span> <span class='ocrx_word' id='word_1_253' title='bbox 1061 4097 1161 4160; x_wconf 90' lang='lat' dir='ltr'>dubio</span> 
     </span>
     <span class='ocr_line' id='line_1_36' title="bbox 166 4197 1160 4290; baseline -0.013 -20"><span class='ocrx_word' id='word_1_254' title='bbox 166 4207 234 4272; x_wconf 83' lang='lat' dir='ltr'>vitae</span> <span class='ocrx_word' id='word_1_255' title='bbox 241 4206 381 4290; x_wconf 88' lang='lat' dir='ltr'>jacebat.</span> <span class='ocrx_word' id='word_1_256' title='bbox 427 4201 667 4264; x_wconf 79' lang='lat' dir='ltr'>vulneraverat</span> <span class='ocrx_word' id='word_1_257' title='bbox 683 4198 770 4263; x_wconf 90' lang='lat' dir='ltr'>enim</span> <span class='ocrx_word' id='word_1_258' title='bbox 786 4219 860 4262; x_wconf 83' lang='lat' dir='ltr'>eum</span> <span class='ocrx_word' id='word_1_259' title='bbox 877 4197 984 4262; x_wconf 90' lang='lat' dir='ltr'>Julius</span> <span class='ocrx_word' id='word_1_260' title='bbox 999 4197 1034 4260; x_wconf 94' lang='lat' dir='ltr'>in</span> <span class='ocrx_word' id='word_1_261' title='bbox 1047 4215 1160 4282; x_wconf 86' lang='lat' dir='ltr'>supra-</span> 
     </span>
    </p>
   </div>
   <div class='ocr_carea' id='block_1_6' title="bbox 0 0 1449 4870">
    <p class='ocr_par' dir='ltr' id='par_1_7' title="bbox 0 0 1449 4870">
     <span class='ocr_line' id='line_1_37' title="bbox 0 0 1449 4870; baseline 0 0"><span class='ocrx_word' id='word_1_262' title='bbox 0 0 1449 4870; x_wconf 95' lang='lat' dir='ltr'> </span> 
     </span>
    </p>
   </div>
  </div>
 </body>
</html>
