2872 4876
420 452 575 496 nrsrorun
585 452 658 496 aas.
673 453 755 496 surr.
772 454 832 496 mn.
854 456 884 496 x.
1069 429 1071 432 ⁴
1099 439 1157 498 199

190 646 276 727 512.
299 663 420 705 nouum
441 662 558 706 rnnrnr
585 663 731 719 ruamur,
759 663 877 706 rnarm
902 663 938 705 ss
967 662 1113 706 cnrrrvos

578 755 734 799 aurnum.

217 880 336 921 ,ΓΚ
453 855 717 922 ISGREGATI
739 858 842 944 igitur
862 856 1013 934 Romani,
1036 857 1156 942 partim

262 1012 265 1027 ,
298 1008 304 1037 ,
453 956 547 1020 devia
569 964 602 1021 et
623 978 767 1033 nemora,
783 965 919 1042 cogente
941 957 1068 1031 timore,
1085 977 1154 1020 car-

450 1055 585 1138 pebant:
600 1057 719 1138 partim
728 1056 771 1119 ad
780 1055 928 1120 civitates
939 1064 973 1120 et
982 1055 1110 1140 oppida,
1122 1061 1156 1118 et

371 1182 377 1183 ff
396 1209 397 1212 ,
452 1153 495 1217 ad
510 1175 646 1239 quaeque
660 1154 824 1219 tutissima
845 1155 917 1218 loca
931 1154 1153 1238 diffugiebant.

158 1258 226 1341 ⁹³}
454 1251 548 1332 Quos
563 1251 718 1317 Britones
736 1253 824 1316 omni
844 1253 919 1317 nisu
941 1251 1153 1336 insequendo,

212 1348 232 1351 4
308 1343 351 1368 Ξ
451 1351 627 1416 miserabili
648 1351 734 1415 caede
756 1352 908 1426 afficiunt,
926 1351 1067 1435 capiunt,
1083 1350 1155 1413 des-

149 1450 283 1533 poliant.
331 1449 383 1513 lta
398 1449 487 1534 quod
501 1450 643 1514 maxima
657 1472 734 1534 pars
749 1472 863 1514 eorum
878 1450 965 1514 ultro
980 1448 1153 1534 protende-

149 1549 205 1613 bat
227 1569 344 1612 manus
366 1569 440 1612 suas
463 1549 663 1612 muliebriter
685 1549 890 1614 vinciendas:
914 1556 952 1612 ut
973 1547 1154 1632 pauxillum

150 1647 292 1730 spatium
307 1647 349 1710 ad
368 1647 544 1711 vivendum
558 1648 726 1712 haberent.
785 1648 883 1727 Quod
912 1647 1027 1711 divinoe
1046 1646 1153 1733 provi-

149 1747 266 1811 dentiae
282 1748 390 1810 stabat
404 1748 485 1821 loco,
498 1768 572 1810 cunr
584 1755 617 1811 et
628 1755 756 1811 veteres
771 1768 885 1811 corum
899 1746 1014 1830 priscis
1029 1754 1154 1830 tempo-

149 1845 240 1909 ribus
250 1865 328 1908 avos
338 1845 477 1908 istorum
487 1844 615 1927 injustis
623 1844 914 1928 inquietationibus
925 1845 1153 1909 infestassent:

151 1951 183 2007 et
198 1943 255 2006 isti
269 1964 354 2007 nuno
367 1943 563 2019 libertatem,
580 1965 679 2026 quam
704 1944 752 2006 illi
772 1943 890 2007 eisdem
915 1944 1044 2007 demere
1059 1942 1154 2005 affec·

151 2042 276 2118 tabant,
292 2042 380 2107 tueri
401 2041 572 2117 instarent,
589 2042 788 2127 abnegantes
814 2041 986 2118 tributum,
1011 2042 1100 2125 quod
1114 2042 1155 2105 ab

151 2140 229 2224 ipsis
244 2140 367 2224 injuste
382 2140 583 2224 exigebatur.

297 2361 312 2443 ξ
335 2363 382 2422 13.
405 2378 549 2423 ooaroan
570 2379 767 2424 uoaruonun
788 2359 1013 2424 sarsurunrun'.

170 2512 191 2567 f
303 2520 402 2557 ἐξ
453 2477 601 2543 ΑΒΙΤΑ
622 2479 762 2562 denique
776 2479 913 2544 victoria
932 2479 995 2554 illa,
1011 2478 1157 2543 Arturus

380 2574 398 2601 ²
454 2598 591 2660 corpora
604 2598 776 2661 procerum
792 2598 924 2641 suorum
935 2578 977 2641 ab
987 2577 1157 2642 hostilibus

218 2668 237 2693 ²
251 2663 272 2675 ⁸
305 2705 364 2731 >
397 2662 421 2733 ’Κ
454 2676 661 2740 cadaveribus
686 2676 830 2759 separari
849 2675 969 2758 jubet:
1007 2684 1159 2758 separata

162 2817 185 2865 p
207 2796 233 2861 f*
253 2802 274 2852 p
301 2814 321 2851 „1
345 2799 374 2853 ᾗ
392 2772 407 2877 l
453 2782 573 2849 autem,
589 2775 680 2859 regIo
694 2795 786 2838 more
800 2774 930 2857 parari:
952 2782 1157 2857 paratavero

166 2914 276 2958 ,ἐξ
302 2886 413 2961 5}
453 2872 496 2936 ad
510 2872 783 2955 conprovinciales
798 2870 958 2937 Abbatias
974 2872 1105 2947 deferri,
1118 2880 1157 2935 ut

166 2962 207 2983 ⁷
227 2962 267 2989 ἵ
299 2966 338 2995 '³‘
367 2961 407 2983 ³
453 2970 574 3034 ibidem
606 2971 782 3035 honorifice
819 2970 1043 3054 sepelirentur.
1109 2968 1157 3033 At

151 3070 323 3135 Beduerus
338 3067 491 3152 pincerna
514 3068 557 3132 ad
582 3067 721 3152 Bajooas
748 3071 910 3136 civitatem
931 3090 1033 3144 suam,
1058 3088 1156 3151 quam

152 3168 325 3232 Beduerus
351 3167 476 3250 primus
518 3174 552 3231 et
581 3187 723 3250 proavus
760 3168 832 3252 ejus
861 3169 1080 3243 edificaverat,
1112 3166 1153 3230 ab

152 3265 425 3331 Neustriensibus
437 3285 509 3329 cum
523 3266 675 3330 maximis
691 3267 842 3331 lamentis
858 3266 1061 3351 deportatur.
1102 3265 1154 3332 lbi

151 3366 185 3429 in
201 3364 344 3448 quodam
359 3363 543 3427 coemeterio
568 3364 656 3447 quod
679 3364 714 3426 in
740 3363 890 3429 Australi
904 3373 998 3450 parte
1012 3365 1152 3431 civitatis

152 3472 234 3540 erat,
255 3463 355 3546 juxta
379 3482 511 3550 murum
534 3461 712 3526 honorifice
740 3463 867 3546 positus
892 3463 977 3528 fuit:
1016 3463 1153 3536 Cheudo

152 3570 263 3625 autem
289 3560 332 3624 ad
363 3559 502 3624 Oamum
528 3559 694 3643 oppidum,
711 3561 799 3642 quod
813 3561 884 3644 ipse
913 3569 1152 3640 construxerat,

152 3660 298 3745 graviter
321 3659 513 3722 vulneratus
539 3666 738 3741 asportatur,
766 3666 800 3722 et
825 3659 922 3742 paulo
945 3669 1020 3743 post
1041 3663 1154 3726 eodem

152 3759 287 3823 vulnere
302 3752 487 3832 defunctus,
511 3756 546 3818 in
561 3756 702 3840 quodam
717 3778 859 3832 nemore,
875 3759 909 3820 in
925 3760 1069 3823 coenobio
1084 3782 1154 3825 cre-

152 3858 314 3931 mitaram,
341 3855 398 3938 qui
413 3855 534 3919 ibidem
557 3876 624 3918 non
639 3855 736 3938 longe
763 3856 804 3920 ab
835 3856 952 3939 oppido
980 3867 1094 3923 erant:
1117 3868 1155 3923 ut

152 3953 262 4018 decuit
284 3951 572 4035 Andegavensium
595 3952 719 4028 ducem,
744 3953 898 4017 humatus
920 3955 993 4019 fuit.
1041 3955 1158 4020 Holdi-

153 4073 213 4116 nus
226 4071 359 4134 quoque
370 4052 437 4114 dux
454 4049 663 4114 Rutenorum
680 4050 852 4114 Flandrias
868 4052 1003 4129 delatus
1014 4055 1048 4117 in
1065 4053 1158 4118 Teri-

154 4171 237 4214 vana
251 4149 384 4214 civitate
399 4171 460 4214 sua
474 4151 622 4234 sepultus
637 4157 698 4214 est.
746 4148 856 4215 Ceteri
878 4159 988 4216 autem
1011 4154 1158 4217 consules
