2872 4876
334 404 488 458 namna.
513 403 704 458 nrsronnu
727 405 798 458 nra.
823 406 874 458 1v.
1063 390 1107 459 39

98 560 272 647 nutritus,
313 557 376 646 qui
405 582 487 632 cnm
510 557 685 632 Romanis
715 557 882 634 similitor
912 558 1107 634 amicitiam

98 661 237 748 tenuit;
260 665 299 734 et
312 658 492 732 tributum
514 658 684 746 solvebat,
705 664 747 732 ut
763 665 875 746 pater.
926 659 1109 748 Tempori-

99 763 166 832 bus
182 768 305 833 autem
317 756 484 846 Neronis,
499 756 686 831 Bunduica
695 758 835 846 mulier,
850 783 896 832 ex
910 759 1007 848 regio
1021 767 1108 832 nata

1 881 2 884 ’
100 859 282 948 sanguine,
297 856 519 946 congregatis
539 857 711 930 trecentis
728 857 885 948 milibus,
900 866 964 933 aut
978 884 1020 932 eo
1035 883 1109 932 am-

98 960 194 1047 plius
206 964 446 1048 pugnatorum
462 958 525 1045 (ob
540 955 790 1029 crudelitatem
814 955 970 1046 Paulini,
988 958 1050 1046 qui
1070 958 1108 1030 in

100 1059 212 1132 Mona
226 1057 346 1131 insula
354 1055 523 1128 mulieres
535 1055 674 1142 capillis
687 1055 935 1145 suspendebat,
947 1065 985 1131 et
995 1083 1109 1135 marn·

98 1159 176 1231 mas
187 1156 365 1230 abscissas
373 1155 510 1242 ligabat
518 1154 572 1227 ori
583 1154 1030 1242 mandendasadterrores3
1046 1157 1109 1230 sed

98 1256 244 1330 barbari
258 1255 422 1328 nesciunt
431 1253 569 1342 timere,
585 1260 622 1326 et
633 1253 747 1341 magis
758 1253 968 1328 erudelitate
982 1256 1109 1328 stimu-

1 1387 2 1450 ξ
98 1355 270 1444 Ιωήιπε)
297 1354 392 1427 facto
422 1376 613 1440 congressu
639 1351 837 1426 exercitum
863 1353 1108 1428 Romanorum

1 1483 2 1520 2
98 1455 241 1541 delevit,
251 1461 289 1526 et
305 1451 499 1526 Paulinum
515 1450 713 1525 crudeliter
722 1475 826 1538 poena
841 1452 963 1526 eadem
975 1453 1107 1536 affecit:

97 1555 197 1627 venit
209 1553 247 1626 in
257 1551 396 1628 Gallias
404 1557 533 1624 cuncta
542 1574 725 1638 superans,
737 1549 886 1624 Italiam
895 1554 1109 1639 properabat

1 1689 2 1704 κ
98 1653 215 1726 delere
224 1681 235 1740 ;
252 1652 314 1725 sed
324 1675 432 1738 prope
443 1650 556 1736 Alpes
571 1649 877 1723 laborebellorum
893 1651 989 1724 fessa
1001 1677 1110 1740 aegro-

1 1779 2 1850 ]
97 1752 203 1839 tavit,
216 1758 254 1824 et
268 1750 376 1838 periit
386 1749 578 1822 mulierum
592 1748 715 1837 gloria.
740 1747 841 1822 Tunc
854 1756 980 1824 tantus
991 1759 1109 1824 terror

100 1851 256 1925 Romam
281 1850 474 1936 invaserat,
500 1855 538 1920 et
564 1847 723 1935 Italiam,
747 1855 902 1934 quantus
918 1875 1108 1938 vnunquam

99 1958 216 2036 antea,
237 1972 350 2035 neque
365 1948 403 2021 in
424 1947 580 2020 adventu
601 1944 746 2034 Brenni,
769 1972 882 2034 neque
906 1950 1108 2037 Annibalis,

100 2057 173 2126 aut¹
190 2048 340 2121 alterius
363 2046 473 2119 ducis.
518 2046 611 2120 Erat
636 2045 767 2118 mulier
787 2071 943 2135 procera,
964 2051 1057 2122 flava
1072 2069 1112 2123 et

99 2171 201 2221 coma
216 2146 299 2220 alba
312 2170 424 2233 usque
440 2145 486 2218 ad
500 2170 615 2219 crura
638 2144 754 2218 Addit
763 2152 883 2219 autem
893 2147 1109 2223 aliudetiam

100 2247 195 2321 Dion
210 2245 404 2318 historicus
416 2244 574 2332 Graecus,
589 2244 763 2318 vestitum
779 2244 924 2334 scilicet,
936 2246 1012 2333 ipse
1024 2273 1110 2334 quo-

96 2371 168 2433 quc
184 2345 302 2417 multa
317 2343 443 2417 scribit
466 2343 509 2416 dc
524 2344 604 2432 ipsa
619 2343 786 2430 ductrice,
808 2343 948 2420 dicens:
971 2353 1108 2420 vestem

99 2445 211 2518 fuisse
221 2442 395 2533 policitam,
406 2442 444 2516 id
459 2449 516 2516 est
528 2449 797 2532 segmentatam,
812 2443 975 2520 listatam
986 2445 1110 2520 dicunt

2 2521 5 2692 i
101 2543 218 2633 vulgo,
229 2542 410 2616 variorum
426 2543 594 2616 colorum.

186 2804 197 2807 2
248 2781 353 2825 κέλ
390 2767 439 2820 nn
456 2770 645 2832 sequamur
657 2771 726 2832 quo
736 2746 860 2822 Manio
871 2746 945 2820 filio
961 2746 1110 2820 Arvira

303 2854 317 2889 1'
367 2845 436 2934 igi.
449 2844 659 2918 successerit
689 2844 818 2918 Ootlus
840 2844 897 2918 cui
923 2845 1020 2919 filius
1040 2846 1111 2922 fuit

390 2945 516 3018 unicus
531 2943 671 3016 nomine
688 2941 831 3017 Lucius.
870 2943 944 3018 Hic
959 2968 1043 3019 sane
1054 2945 1111 3018 vir

390 3144 485 3216 viros
515 3141 636 3215 doctos
664 3166 804 3216 summa
829 3147 1111 3231 prosequebatur

180 3247 310 3305 ΦΗ
390 3240 646 3327 benevolentia,
668 3249 707 3313 et
728 3241 939 3314 honoribus:
962 3244 1110 3317 virtutis

103 3347 220 3421 cultor
236 3369 375 3431 semper
389 3341 470 3428 fnit,
482 3340 525 3412 de
540 3364 610 3426 quo
626 3338 752 3414 Gildas
767 3339 884 3413 multa
894 3340 1008 3414 tradit
1019 3342 1111 3415 mul·

7 3449 8 3518 ξ
101 3447 151 3520 tis
167 3446 206 3520 in
220 3444 318 3518 locis.
363 3440 515 3515 Exitum
530 3462 668 3525 quoqne
681 3461 785 3509 suum
806 3438 973 3525 praeferre
988 3440 1110 3514 volens

102 3544 287 3634 principio,
303 3540 473 3630 epistolas
496 3561 580 3611 suas
602 3536 813 3610 Eleutherio
836 3536 944 3626 Papa
967 3539 1110 3628 direxit,

8 3639 9 3660 *
103 3653 230 3732 petens
241 3650 285 3715 ut
299 3645 344 3714 ab
356 3665 397 3714 eo
408 3636 721 3712 Christianitatem
733 3636 917 3725 acciperet.
964 3638 1112 3714 Serena

8 3741 9 3746 ’
104 3751 232 3819 verant
260 3741 356 3816 enim
390 3739 469 3826 ejus
503 3744 659 3809 mentem
695 3743 899 3810 sanctorum
927 3737 1111 3813 miracula.

105 3841 277 3916 Pontifex
288 3839 398 3927 igitur
410 3837 605 3926 Faganum,
626 3842 665 3925 et
676 3829 883 3910 Dobiannm
894 3837 1055 3912 doctores
1067 3837 1113 3912 ad

105 3941 210 4016 illum
225 3939 336 4026 misit,
351 3936 414 4024 qui
428 3931 709 4009 incarnationem
725 3933 803 4024 Dei,
826 3943 864 4010 et
884 3936 1058 4024 mysteria
1072 3937 1114 4010 fl-

10 4123 14 4156 ,
107 4040 164 4114 dei
178 4039 345 4112 docuere:
371 4035 422 4110 sic
433 4034 585 4108 Lucium
600 4033 841 4122 baptizarunt,
852 4042 890 4110 et
901 4060 1116 4126 omnesgen·
