2848 4888
393 497 549 544 maroam
563 499 637 544 nro.
646 499 729 544 amr.
744 501 806 544 uns.
821 500 890 544 vm.
1094 481 1153 544 135

149 642 241 725 quasi
255 662 370 726 pacem
391 645 551 712 habituri:
575 665 714 729 cumque
734 644 776 708 de
795 644 969 710 concordia
988 627 1153 730 ageretur,

147 741 293 824 prodidit
313 764 426 809 omnes
452 745 510 830 qui
529 744 678 819 aderant,
703 751 738 808 et
752 765 827 808 cum
845 743 961 808 cultris
976 742 1153 817 interfecit,

146 847 267 923 prater
289 863 343 906 me
363 844 480 921 solum,
502 843 559 929 qui
584 850 715 927 reperto
738 843 813 926 palo
839 843 937 908 evasi.
986 842 1155 906 Succubu-

148 946 246 1002 erunt
275 940 390 1005 eadem
416 942 469 1007 die
497 941 729 1026 quadringenti
759 941 929 1026 sexaginta
951 942 1091 1006 barones
1117 958 1155 1003 ac

147 1037 309 1114 consules,
339 1040 397 1123 qui
427 1059 539 1105 omnes
568 1039 710 1104 inermes
735 1039 947 1105 advenerant.
995 1039 1037 1102 In
1060 1029 1155 1102 tanto

146 1135 293 1218 periculo
320 1138 524 1204 subvectavit
545 1137 626 1201 mihi
653 1137 734 1201 deus
759 1139 880 1222 palum,
905 1159 969 1223 quo
999 1137 1154 1203 defensus

147 1234 271 1298 evasi.'’
302 1233 687 1302 TaliareferebatEldol.
714 1235 781 1300 Sed
792 1235 948 1301 Aurelius
959 1235 1155 1302 hortabatur

147 1331 253 1396 socios
267 1341 373 1397 totam
397 1356 487 1418 spem
507 1355 601 1399 suam
626 1334 661 1397 in
675 1334 778 1398 filium
794 1333 860 1399 Dei
880 1354 1020 1419 ponere:
1042 1335 1155 1398 hostes

93 1453 97 1459 ·
146 1451 224 1495 suos
237 1432 355 1497 deinde
366 1435 522 1499 audacter
536 1432 700 1509 invadere,
717 1442 751 1498 et
765 1455 826 1518 pro
840 1435 949 1519 patria
958 1431 1155 1498 unanimiter

147 1552 306 1615 pugnare.
353 1529 401 1597 At
439 1532 622 1617 Hengistus
659 1553 678 1596 e
714 1533 879 1597 contrario
915 1541 1042 1598 turmas
1078 1549 1154 1594 suas

147 1631 383 1714 componebat:
406 1631 628 1715 componendo
661 1631 802 1714 praeliari
828 1631 985 1697 docebat:
1009 1627 1154 1694 docendo

149 1729 297 1814 singulas
326 1727 582 1812 perambulabat,
613 1735 651 1792 ut
681 1729 831 1793 omnibus
857 1751 957 1794 unam
986 1726 1156 1793 audaciam

149 1825 319 1911 pugnandi
355 1827 530 1910 ingereret.
577 1825 759 1912 Dispositis
787 1829 922 1893 tandem
947 1829 982 1893 in
1013 1834 1155 1908 utraque

148 1933 245 2009 parte
260 1923 382 2000 cuneis,
403 1925 661 2011 congrediuntur
681 1927 787 1991 acies:
809 1935 942 1992 mutuos
956 1926 1041 1992 ictus
1064 1923 1156 2008 inge-

148 2025 298 2088 minant:
335 2043 485 2087 cruorem
513 2045 580 2088 non
608 2025 779 2088 minimum
816 2025 1012 2092 diffundunt.
1067 2019 1157 2088 Hinc

150 2121 326 2188 Britones:
348 2121 424 2186 hinc
455 2121 601 2187 Saxones
630 2123 794 2187 vulnerati
823 2123 1020 2192 moriuntur.
1067 2117 1157 2188 Hor·

148 2228 242 2286 tatur
257 2220 413 2285 Aurelius
430 2219 647 2298 Christianos,
662 2228 775 2286 monet
790 2220 975 2307 Hengiatus
987 2218 1157 2304 Pagades:

150 2327 183 2383 et
198 2320 278 2384 dum
293 2319 392 2384 talem
407 2319 659 2385 decertationem
674 2320 831 2396 facerent,
847 2320 1015 2387 nitebatur
1029 2337 1157 2403 semper

151 2415 249 2481 Eldol
271 2417 393 2481 habere
407 2417 532 2482 aditum
552 2417 784 2503 congrediendi
803 2438 878 2482 curn
902 2416 1077 2503 Hengisto,
1100 2415 1158 2480 sed

150 2539 216 2582 non
227 2516 354 2582 babuit.
400 2514 488 2579 Nam
504 2515 688 2601 Hengistus
698 2524 737 2581 ut
747 2516 831 2580 vidit
842 2537 918 2580 suos
934 2517 1155 2589 succumbere,

152 2615 309 2680 Britones
324 2634 402 2678 vero
421 2621 506 2678 nutu
527 2614 594 2679 Dei
608 2616 799 2698 prevalere:
823 2615 994 2680 confestim
1015 2615 1155 2700 diffugit,

150 2715 334 2801 petivitque
342 2712 498 2797 oppidum
506 2709 807 2797 Kaerconan,qucd
815 2714 1157 2800 nuncOunungeburg

50 2853 54 2860 ·
151 2813 344 2900 appellatur.
391 2809 582 2895 Insequitur
601 2833 676 2876 eum
697 2809 873 2878 Aurelius:
898 2821 932 2877 et
946 2805 1159 2897 quoscunque

151 2917 186 2982 in
201 2916 321 2980 itinere
341 2913 536 2996 reperiebat,
558 2913 611 2975 vel
631 2911 809 2987 occidebat,
835 2913 889 2977 vel
909 2913 944 2976 in
965 2914 1157 2978 servitutem

152 3012 376 3098 compellebat.
424 3009 509 3074 Cum
546 3031 625 3095 erge
661 3009 798 3074 vidisset
836 3009 1030 3096 Hengistus,
1069 3012 1158 3097 quod

152 3116 384 3196 insequeretur
398 3129 435 3172 se
449 3107 617 3183 Aurelius,
629 3108 736 3172 noluit
750 3108 906 3194 oppidum
920 3110 1077 3176 introire:
1100 3111 1159 3175 sed

152 3217 331 3279 convocato
350 3208 385 3270 in
399 3215 525 3272 turmas
545 3206 676 3290 populo,
693 3206 814 3270 iterum
828 3209 970 3291 praeliari
987 3204 1156 3294 disposuit.

154 3311 287 3395 Quippe
322 3306 454 3382 sciebat,
484 3305 573 3390 quod
601 3303 757 3388 oppidum
786 3326 992 3392 nequaquam
1021 3307 1158 3372 Aurelio

151 3412 341 3478 resisteret:
363 3414 398 3470 et
423 3405 511 3489 quod
537 3423 633 3468 omne
656 3411 806 3467 tutamen
827 3425 922 3469 suum
942 3406 976 3469 in
995 3406 1105 3492 gladio
1126 3416 1159 3472 et

152 3512 249 3575 basta
258 3503 462 3570 consisteret.
492 3501 1157 3586 DeniquecumsupervenissetAurelius,

154 3603 337 3690 composuit
357 3611 391 3668 et
409 3602 480 3686 ipse
499 3600 604 3664 socios
623 3619 699 3664 suos
714 3599 749 3663 in
763 3607 900 3676 turmas,
921 3610 956 3666 et
969 3605 1160 3673 acerrimam
1188 3607 1193 3614 ’

154 3724 298 3791 pugnam
312 3701 459 3787 ingessit.
498 3697 605 3762 Porro
622 3697 769 3762 Saxones
780 3700 978 3766 unanimiter
989 3704 1159 3783 resistunt,

154 3814 188 3870 et
202 3803 344 3868 invicem
358 3799 500 3864 letaliter
519 3799 745 3862 vulnerantur.
797 3797 1006 3866 Diffunditur
1027 3806 1161 3894 sanguis

156 3903 350 3986 utrobique:
374 3899 496 3962 clamor
514 3896 722 3961 morientium
741 3897 833 3962 rivos
858 3899 892 3962 in
911 3899 995 3964 iram
1010 3903 1159 3984 ducebat.

158 3999 342 4075 Postremo,
360 3997 508 4064 Saxones
523 3994 780 4080 praevaluissent,
796 3994 860 4060 nisi
875 3999 1037 4082 equestris
1052 4011 1162 4072 turma
1180 4045 1185 4051 -

158 4099 446 4164 Armorieanorum
458 4091 634 4159 britonum
649 4095 900 4176 supervenisset.
937 4095 1164 4171 Constituerat

157 4217 297 4282 namque
313 4215 384 4259 eam
400 4191 566 4266 Aurelius,
590 4190 674 4254 sicut
695 4191 850 4275 inprime
872 4195 984 4276 praelio
1028 4199 1160 4268 fecerat.
