2848 4888
384 475 540 539 maroam
555 497 628 541 aro.
644 497 727 541 narr.
743 499 805 542 nm.
827 499 871 542 rx.
1083 480 1140 544 15⁷

413 809 593 884 LIBER
633 811 859 889 NONUS.

560 1009 658 1076 SEO.
684 1011 711 1076 I.

156 1211 301 1254 narrans
323 1210 425 1254 ninius
446 1211 606 1270 snccnnrr,
627 1214 666 1258 nr
688 1215 872 1259 conoamuu
893 1214 1112 1258 cmcuusnnrr.

160 1378 164 1379 γ
193 1358 242 1397 ξ
434 1325 663 1393 EFUNGTO
694 1329 798 1414 igitur
829 1327 1137 1415 Utherpendragon,

245 1480 248 1493 ,
282 1476 287 1505 ,
355 1462 358 1463 ν
433 1435 655 1490 convenerunt
664 1449 705 1490 ex
721 1426 858 1490 diversis
873 1426 1048 1510 provinciis
1063 1450 1139 1512 pro-

433 1547 523 1592 ceres
536 1525 712 1589 Britonum
721 1526 755 1588 in
765 1525 931 1590 civitatem
942 1524 1138 1592 Oilcestriae:

392 1667 395 1672 .
433 1624 595 1690 Dubricio
626 1625 716 1689 urbis
740 1623 925 1710 Legionum
951 1623 1140 1710 Arobiepis·

150 1746 210 1811 ξ
392 1743 396 1750 ·
433 1745 513 1809 copo
539 1731 764 1809 suggerentea
786 1731 824 1786 ut
849 1721 1013 1786 Arturum
1036 1724 1138 1788 filium

293 1812 334 1837 ἕ
379 1837 382 1842 ·
432 1823 520 1908 regis
535 1823 570 1886 in
592 1843 704 1908 regem
724 1829 939 1886 consecraret.
984 1820 1139 1909 Angebat

4 1977 6 1984 ,
130 1923 217 1985 enim
250 1943 306 1986 eos
332 1923 527 1986 necessitas:
564 1921 678 1985 audito
707 1942 849 2006 namque
874 1920 1022 2005 praedicti
1050 1922 1138 2007 regis

5 2053 6 2056 ¹
130 2021 235 2097 obitu,
250 2021 397 2086 Saxones
409 2022 556 2087 concives
568 2043 644 2086 suos
657 2043 697 2085 ex
711 2019 889 2084 Germania
897 2019 1116 2085 invitaverant
1129 2045 1137 2086 :

4 2181 5 2192 ,
131 2129 165 2185 et
179 2121 263 2186 duce
281 2121 436 2207 Oolgrino
458 2122 546 2206 ipsos
562 2119 781 2185 exterminare
795 2119 995 2182 nitebantur.
1054 2118 1138 2184 Sub-

4 2249 6 2308 :
128 2221 329 2306 jugaverant
344 2221 443 2284 etiam
458 2220 520 2285 sibi
534 2227 639 2284 totam
654 2227 782 2304 partem
804 2218 929 2294 insula,
947 2238 1020 2302 quaa
1039 2239 1060 2281 a
1078 2219 1155 2282 ilu-v

128 2318 218 2382 mine
234 2317 389 2395 Humbri,
404 2341 510 2403 usque
529 2318 571 2382 ad
592 2338 682 2382 mare
707 2315 917 2380 Catanesium
939 2316 1128 2382 extenditur

4 2435 5 2444 ¹
133 2415 314 2480 Dubricius
339 2439 418 2502 ergo
444 2416 662 2481 calamitatem
686 2402 801 2500 patriae
826 2414 950 2490 dolens,
972 2415 1138 2480 associatis

133 2516 194 2579 sibi
224 2514 397 2599 Episcopis
427 2514 589 2579 Arturum
622 2515 716 2598 regni
746 2513 929 2578 diademate
957 2512 1136 2599 insignivit.

133 2613 217 2678 Erat
228 2621 340 2676 autem
355 2612 501 2677 Arturus
517 2613 703 2698 quindecim
717 2632 878 2676 annorum
888 2611 1030 2694 juvenis
1046 2611 1138 2674 inau-

133 2713 206 2776 ditae
221 2711 354 2777 virtutis
369 2721 469 2796 atque
479 2711 706 2776 liberalitatis:
729 2711 762 2774 in
778 2732 842 2794 quo
851 2718 979 2774 tantam
997 2709 1137 2795 gratiam

134 2810 246 2874 innata
271 2810 401 2875 bonitas
426 2811 636 2894 praestiterat,
659 2817 695 2872 ut
719 2829 739 2872 a
764 2809 889 2872 cunctis
915 2809 985 2872 fere
1009 2809 1138 2892 populis

132 2918 308 2974 amaretur.
365 2909 552 2994 Insignibus
578 2929 657 2994 ergo
687 2908 786 2993 regiis
815 2908 974 2984 initiatus,
1006 2908 1138 2972 solitum

132 3030 256 3072 morem
272 3029 416 3083 servans
431 3008 576 3094 largitati
591 3007 737 3071 indulsit.
790 3005 984 3072 Oonfluebat
997 3008 1041 3071 ad
1063 3030 1138 3072 eum

132 3115 223 3170 tanta
237 3108 415 3172 multitudo
430 3108 580 3182 militum,
597 3115 635 3170 ut
657 3107 703 3170 eis
727 3106 815 3190 quod
830 3106 1042 3191 dispensaret,
1060 3109 1137 3173 defi-

130 3215 227 3270 ceret.
276 3206 344 3270 Sed
359 3206 411 3271 cui
430 3206 590 3270 naturalis
611 3206 697 3268 inest
717 3205 852 3290 largitio
873 3227 948 3268 eum
973 3207 1137 3289 probitate

132 3303 205 3368 licet
232 3304 275 3368 ad
300 3313 428 3388 tempus
454 3305 610 3390 indigeat,
637 3303 823 3366 nullatenus
847 3311 957 3366 tamen
984 3307 1138 3372 continua

132 3392 307 3486 paupertas
320 3404 350 3466 ei
361 3404 499 3469 nocebit.
545 3401 692 3466 Arturus
705 3423 783 3487 ergo
796 3402 874 3486 quia
883 3403 918 3464 in
927 3403 982 3465 illo
991 3405 1137 3486 probitas

132 3502 339 3586 largitionem
363 3501 601 3565 comitabatur:
626 3498 743 3564 statuit
770 3498 917 3564 Saxones
943 3487 1158 3584 inquietare,

133 3610 169 3664 ut
181 3622 296 3664 eorum
311 3601 425 3683 opibus
441 3621 515 3684 quae
530 3599 559 3662 ei
581 3597 802 3662 famulabatur
826 3598 946 3662 ditaret
968 3599 1135 3666 familiam.

135 3698 371 3762 commonebat
386 3698 484 3763 etiam
507 3697 588 3760 illud
609 3697 783 3772 rectitudo,
800 3718 875 3760 cum
898 3697 999 3761 totius
1023 3698 1139 3762 insulae

133 3797 353 3862 monarchiam
369 3797 527 3860 debuerat
549 3796 747 3860 hereditario
765 3795 842 3879 jure
858 3796 1015 3861 obtinere.
1063 3796 1149 3860 cot·

132 3897 214 3961 lecta
229 3896 348 3960 deinde
371 3896 432 3960 sibi
455 3895 586 3959 subdita
604 3895 791 3978 juventute,
810 3893 995 3958 Eboracum
1010 3896 1135 3978 petivit.

135 3995 285 4080 Cumque
300 3995 335 4057 id
348 3992 503 4079 Golgrino
514 4001 717 4076 compertum
728 4000 824 4068 esset,
837 3994 968 4078 collegit
979 3994 1136 4072 Saxones

80 4095 83 4104 '
136 4092 250 4156 Scotos
266 4100 300 4156 et
327 4091 450 4167 Pictos,
465 4091 620 4175 venitque
641 4091 670 4154 ei
697 4091 811 4155 obvius
831 4113 906 4155 cum
928 4092 1139 4158 multitudine

134 4192 285 4266 maxima,
309 4191 408 4274 juxta
430 4189 551 4253 flumen
577 4187 727 4274 Duglas:
755 4191 810 4254 ubi
836 4190 923 4256 facto
950 4212 1137 4277 congressu,
