<?xml version="1.0" encoding="UTF-8"?>
<!DOCTYPE html PUBLIC "-//W3C//DTD XHTML 1.0 Transitional//EN"
    "http://www.w3.org/TR/xhtml1/DTD/xhtml1-transitional.dtd">
<html xmlns="http://www.w3.org/1999/xhtml" xml:lang="en" lang="en">
 <head>
  <title>
</title>
<meta http-equiv="Content-Type" content="text/html;charset=utf-8" />
  <meta name='ocr-system' content='tesseract 3.04.00' />
  <meta name='ocr-capabilities' content='ocr_page ocr_carea ocr_par ocr_line ocrx_word'/>
</head>
<body>
  <div class='ocr_page' id='page_1' title='image "./galfredimonumet00virugoog_0249.png"; bbox 0 0 2872 4876; ppageno 0'>
   <div class='ocr_carea' id='block_1_1' title="bbox 386 469 1149 534">
    <p class='ocr_par' dir='ltr' id='par_1_1' title="bbox 386 469 1149 534">
     <span class='ocr_line' id='line_1_1' title="bbox 386 469 1149 534; baseline 0.003 -2"><span class='ocrx_word' id='word_1_1' title='bbox 386 485 543 532; x_wconf 81' lang='lat' dir='ltr'>nrsroarn</span> <span class='ocrx_word' id='word_1_2' title='bbox 557 486 631 532; x_wconf 81' lang='lat' dir='ltr'>une.</span> <span class='ocrx_word' id='word_1_3' title='bbox 646 485 730 532; x_wconf 82' lang='lat' dir='ltr'>narr.</span> <span class='ocrx_word' id='word_1_4' title='bbox 744 485 807 530; x_wconf 83' lang='lat' dir='ltr'>nm.</span> <span class='ocrx_word' id='word_1_5' title='bbox 822 486 878 530; x_wconf 86' lang='lat' dir='ltr'>xn.</span> <span class='ocrx_word' id='word_1_6' title='bbox 1087 469 1149 534; x_wconf 82' lang='lat'>219</span> 
     </span>
    </p>
   </div>
   <div class='ocr_carea' id='block_1_2' title="bbox 140 629 1148 1998">
    <p class='ocr_par' dir='ltr' id='par_1_2' title="bbox 140 629 1148 1998">
     <span class='ocr_line' id='line_1_2' title="bbox 142 629 1148 717; baseline 0 -21"><span class='ocrx_word' id='word_1_7' title='bbox 142 629 256 696; x_wconf 83' lang='lat' dir='ltr'>urbem</span> <span class='ocrx_word' id='word_1_8' title='bbox 267 631 367 716; x_wconf 88' lang='lat' dir='ltr'>juxta</span> <span class='ocrx_word' id='word_1_9' title='bbox 387 630 549 717; x_wconf 78' lang='lat' dir='ltr'><strong>quoddam</strong></span> <span class='ocrx_word' id='word_1_10' title='bbox 568 633 726 717; x_wconf 87' lang='lat' dir='ltr'>templum</span> <span class='ocrx_word' id='word_1_11' title='bbox 747 640 843 697; x_wconf 86' lang='lat' dir='ltr'>vetus</span> <span class='ocrx_word' id='word_1_12' title='bbox 858 630 980 708; x_wconf 89' lang='lat' dir='ltr'>venire,</span> <span class='ocrx_word' id='word_1_13' title='bbox 1006 630 1064 696; x_wconf 93' lang='lat' dir='ltr'>ubi</span> <span class='ocrx_word' id='word_1_14' title='bbox 1079 630 1148 715; x_wconf 90' lang='lat' dir='ltr'>ipse</span> 
     </span>
     <span class='ocr_line' id='line_1_3' title="bbox 142 729 1148 815; baseline 0.001 -20"><span class='ocrx_word' id='word_1_15' title='bbox 142 731 318 795; x_wconf 88' lang='lat' dir='ltr'>adventum</span> <span class='ocrx_word' id='word_1_16' title='bbox 332 732 405 815; x_wconf 85' lang='lat' dir='ltr'>ejus</span> <span class='ocrx_word' id='word_1_17' title='bbox 419 731 454 794; x_wconf 91' lang='lat' dir='ltr'>in</span> <span class='ocrx_word' id='word_1_18' title='bbox 468 731 686 815; x_wconf 78' lang='lat' dir='ltr'>crepidinibus</span> <span class='ocrx_word' id='word_1_19' title='bbox 696 731 760 795; x_wconf 91' lang='lat' dir='ltr'>loci</span> <span class='ocrx_word' id='word_1_20' title='bbox 772 738 970 814; x_wconf 84' lang='lat' dir='ltr'>expectaret.</span> <span class='ocrx_word' id='word_1_21' title='bbox 1015 729 1148 796; x_wconf 84' lang='lat' dir='ltr'>Deinde</span> 
     </span>
     <span class='ocr_line' id='line_1_4' title="bbox 142 828 1148 916; baseline 0.002 -24"><span class='ocrx_word' id='word_1_22' title='bbox 142 828 321 895; x_wconf 86' lang='lat' dir='ltr'>intromisit</span> <span class='ocrx_word' id='word_1_23' title='bbox 336 852 372 895; x_wconf 91' lang='lat' dir='ltr'>se</span> <span class='ocrx_word' id='word_1_24' title='bbox 397 831 485 895; x_wconf 87' lang='lat' dir='ltr'>intra</span> <span class='ocrx_word' id='word_1_25' title='bbox 503 831 634 896; x_wconf 88' lang='lat' dir='ltr'>turbam</span> <span class='ocrx_word' id='word_1_26' title='bbox 652 849 841 916; x_wconf 91' lang='lat' dir='ltr'>pauperum,</span> <span class='ocrx_word' id='word_1_27' title='bbox 856 830 892 894; x_wconf 90' lang='lat' dir='ltr'>in</span> <span class='ocrx_word' id='word_1_28' title='bbox 912 835 1006 913; x_wconf 85' lang='lat' dir='ltr'>parte</span> <span class='ocrx_word' id='word_1_29' title='bbox 1021 830 1077 894; x_wconf 86' lang='lat' dir='ltr'>illa</span> <span class='ocrx_word' id='word_1_30' title='bbox 1090 831 1148 896; x_wconf 93' lang='lat' dir='ltr'>ubi</span> 
     </span>
     <span class='ocr_line' id='line_1_5' title="bbox 143 925 1148 1014; baseline 0.001 -23"><span class='ocrx_word' id='word_1_31' title='bbox 143 925 283 994; x_wconf 90' lang='lat' dir='ltr'>Pellitus</span> <span class='ocrx_word' id='word_1_32' title='bbox 316 931 405 1014; x_wconf 89' lang='lat' dir='ltr'>ipsos</span> <span class='ocrx_word' id='word_1_33' title='bbox 441 930 627 995; x_wconf 87' lang='lat' dir='ltr'>collocabat.</span> <span class='ocrx_word' id='word_1_34' title='bbox 673 927 746 993; x_wconf 93' lang='lat' dir='ltr'>Nec</span> <span class='ocrx_word' id='word_1_35' title='bbox 770 949 881 992; x_wconf 85' lang='lat' dir='ltr'>mora:</span> <span class='ocrx_word' id='word_1_36' title='bbox 918 948 993 992; x_wconf 92' lang='lat' dir='ltr'>cum</span> <span class='ocrx_word' id='word_1_37' title='bbox 1022 929 1148 993; x_wconf 89' lang='lat' dir='ltr'>aditum</span> 
     </span>
     <span class='ocr_line' id='line_1_6' title="bbox 141 1028 1147 1113; baseline -0.001 -21"><span class='ocrx_word' id='word_1_38' title='bbox 141 1029 346 1111; x_wconf 89' lang='lat' dir='ltr'>percutiendi</span> <span class='ocrx_word' id='word_1_39' title='bbox 359 1029 510 1106; x_wconf 90' lang='lat' dir='ltr'>habebat,</span> <span class='ocrx_word' id='word_1_40' title='bbox 526 1029 632 1094; x_wconf 87' lang='lat' dir='ltr'>erexit</span> <span class='ocrx_word' id='word_1_41' title='bbox 645 1028 826 1094; x_wconf 89' lang='lat' dir='ltr'>burdonem</span> <span class='ocrx_word' id='word_1_42' title='bbox 842 1048 939 1113; x_wconf 91' lang='lat' dir='ltr'>quem</span> <span class='ocrx_word' id='word_1_43' title='bbox 954 1049 1054 1112; x_wconf 88' lang='lat' dir='ltr'>supra</span> <span class='ocrx_word' id='word_1_44' title='bbox 1069 1028 1147 1106; x_wconf 83' lang='lat' dir='ltr'>dixi,</span> 
     </span>
     <span class='ocr_line' id='line_1_7' title="bbox 141 1125 1147 1213; baseline 0.001 -25"><span class='ocrx_word' id='word_1_45' title='bbox 141 1125 313 1211; x_wconf 86' lang='lat' dir='ltr'>infixitque</span> <span class='ocrx_word' id='word_1_46' title='bbox 329 1126 468 1213; x_wconf 85' lang='lat' dir='ltr'>Magum</span> <span class='ocrx_word' id='word_1_47' title='bbox 482 1128 542 1192; x_wconf 88' lang='lat' dir='ltr'>sub</span> <span class='ocrx_word' id='word_1_48' title='bbox 562 1135 704 1212; x_wconf 84' lang='lat' dir='ltr'>pectore,</span> <span class='ocrx_word' id='word_1_49' title='bbox 720 1133 819 1209; x_wconf 89' lang='lat' dir='ltr'>atque</span> <span class='ocrx_word' id='word_1_50' title='bbox 834 1125 949 1190; x_wconf 90' lang='lat' dir='ltr'>eodem</span> <span class='ocrx_word' id='word_1_51' title='bbox 963 1125 1031 1190; x_wconf 91' lang='lat' dir='ltr'>ictu</span> <span class='ocrx_word' id='word_1_52' title='bbox 1045 1125 1147 1190; x_wconf 91' lang='lat' dir='ltr'>inter-</span> 
     </span>
     <span class='ocr_line' id='line_1_8' title="bbox 140 1223 1145 1310; baseline 0 -23"><span class='ocrx_word' id='word_1_53' title='bbox 140 1223 227 1290; x_wconf 84' lang='lat' dir='ltr'>fecit.</span> <span class='ocrx_word' id='word_1_54' title='bbox 276 1224 362 1289; x_wconf 87' lang='lat' dir='ltr'>Mox</span> <span class='ocrx_word' id='word_1_55' title='bbox 380 1227 528 1310; x_wconf 87' lang='lat' dir='ltr'>projecto</span> <span class='ocrx_word' id='word_1_56' title='bbox 542 1226 657 1290; x_wconf 86' lang='lat' dir='ltr'>baculo</span> <span class='ocrx_word' id='word_1_57' title='bbox 672 1226 759 1289; x_wconf 90' lang='lat' dir='ltr'>inter</span> <span class='ocrx_word' id='word_1_58' title='bbox 775 1233 901 1290; x_wconf 84' lang='lat' dir='ltr'>ceteros</span> <span class='ocrx_word' id='word_1_59' title='bbox 923 1223 1050 1288; x_wconf 90' lang='lat' dir='ltr'>delituit</span> <span class='ocrx_word' id='word_1_60' title='bbox 1065 1245 1145 1307; x_wconf 90' lang='lat' dir='ltr'>pau-</span> 
     </span>
     <span class='ocr_line' id='line_1_9' title="bbox 141 1321 1148 1408; baseline 0.002 -22"><span class='ocrx_word' id='word_1_61' title='bbox 141 1344 247 1407; x_wconf 83' lang='lat' dir='ltr'>perae,</span> <span class='ocrx_word' id='word_1_62' title='bbox 277 1324 359 1388; x_wconf 91' lang='lat' dir='ltr'>nulli</span> <span class='ocrx_word' id='word_1_63' title='bbox 388 1325 565 1389; x_wconf 88' lang='lat' dir='ltr'>astantium</span> <span class='ocrx_word' id='word_1_64' title='bbox 590 1331 770 1408; x_wconf 67' lang='lat' dir='ltr'>suspectus</span> <span class='ocrx_word' id='word_1_65' title='bbox 796 1330 830 1387; x_wconf 88' lang='lat' dir='ltr'>et</span> <span class='ocrx_word' id='word_1_66' title='bbox 855 1321 993 1408; x_wconf 83' lang='lat' dir='ltr'>praefata</span> <span class='ocrx_word' id='word_1_67' title='bbox 1013 1322 1148 1388; x_wconf 88' lang='lat' dir='ltr'>latibula</span> 
     </span>
     <span class='ocr_line' id='line_1_10' title="bbox 143 1421 1147 1508; baseline 0.001 -23"><span class='ocrx_word' id='word_1_68' title='bbox 143 1421 275 1487; x_wconf 87' lang='lat' dir='ltr'>favente</span> <span class='ocrx_word' id='word_1_69' title='bbox 300 1422 376 1488; x_wconf 92' lang='lat' dir='ltr'>Deo</span> <span class='ocrx_word' id='word_1_70' title='bbox 401 1424 527 1508; x_wconf 88' lang='lat' dir='ltr'>petivit.</span> <span class='ocrx_word' id='word_1_71' title='bbox 573 1422 621 1487; x_wconf 89' lang='lat' dir='ltr'>At</span> <span class='ocrx_word' id='word_1_72' title='bbox 650 1443 753 1498; x_wconf 89' lang='lat' dir='ltr'>soror,</span> <span class='ocrx_word' id='word_1_73' title='bbox 784 1421 938 1486; x_wconf 77' lang='lat' dir='ltr'>instante</span> <span class='ocrx_word' id='word_1_74' title='bbox 951 1421 1022 1504; x_wconf 84' lang='lat' dir='ltr'>jam</span> <span class='ocrx_word' id='word_1_75' title='bbox 1051 1431 1147 1486; x_wconf 88' lang='lat' dir='ltr'>noete</span> 
     </span>
     <span class='ocr_line' id='line_1_11' title="bbox 142 1520 1147 1608; baseline 0.003 -24"><span class='ocrx_word' id='word_1_76' title='bbox 142 1521 292 1604; x_wconf 83' lang='lat' dir='ltr'>pluribus</span> <span class='ocrx_word' id='word_1_77' title='bbox 320 1522 426 1587; x_wconf 89' lang='lat' dir='ltr'>modis</span> <span class='ocrx_word' id='word_1_78' title='bbox 457 1521 568 1608; x_wconf 82' lang='lat' dir='ltr'>egredi</span> <span class='ocrx_word' id='word_1_79' title='bbox 598 1529 715 1585; x_wconf 89' lang='lat' dir='ltr'>conata</span> <span class='ocrx_word' id='word_1_80' title='bbox 738 1528 809 1584; x_wconf 88' lang='lat' dir='ltr'>est:</span> <span class='ocrx_word' id='word_1_81' title='bbox 840 1541 900 1584; x_wconf 84' lang='lat' dir='ltr'>nee</span> <span class='ocrx_word' id='word_1_82' title='bbox 925 1520 1038 1596; x_wconf 79' lang='lat' dir='ltr'>veltu&#39;t,</span> <span class='ocrx_word' id='word_1_83' title='bbox 1070 1523 1147 1605; x_wconf 83' lang='lat' dir='ltr'>quia</span> 
     </span>
     <span class='ocr_line' id='line_1_12' title="bbox 144 1617 1148 1704; baseline 0.004 -22"><span class='ocrx_word' id='word_1_84' title='bbox 144 1617 302 1684; x_wconf 87' lang='lat' dir='ltr'>Edvvinus</span> <span class='ocrx_word' id='word_1_85' title='bbox 332 1621 374 1686; x_wconf 95' lang='lat' dir='ltr'>ob</span> <span class='ocrx_word' id='word_1_86' title='bbox 403 1642 515 1685; x_wconf 89' lang='lat' dir='ltr'>necem</span> <span class='ocrx_word' id='word_1_87' title='bbox 553 1619 664 1684; x_wconf 87' lang='lat' dir='ltr'>Pelliti</span> <span class='ocrx_word' id='word_1_88' title='bbox 694 1620 880 1695; x_wconf 88' lang='lat' dir='ltr'>exterritus,</span> <span class='ocrx_word' id='word_1_89' title='bbox 918 1619 1033 1704; x_wconf 77' lang='lat' dir='ltr'>vigiles</span> <span class='ocrx_word' id='word_1_90' title='bbox 1062 1622 1148 1686; x_wconf 86' lang='lat' dir='ltr'>circa</span> 
     </span>
     <span class='ocr_line' id='line_1_13' title="bbox 143 1717 1145 1803; baseline 0.002 -21"><span class='ocrx_word' id='word_1_91' title='bbox 143 1719 266 1782; x_wconf 89' lang='lat' dir='ltr'>curiam</span> <span class='ocrx_word' id='word_1_92' title='bbox 302 1728 464 1803; x_wconf 88' lang='lat' dir='ltr'>posuerat,</span> <span class='ocrx_word' id='word_1_93' title='bbox 503 1718 558 1803; x_wconf 88' lang='lat' dir='ltr'>qui</span> <span class='ocrx_word' id='word_1_94' title='bbox 595 1739 732 1802; x_wconf 85' lang='lat' dir='ltr'>quaeque</span> <span class='ocrx_word' id='word_1_95' title='bbox 775 1717 885 1782; x_wconf 83' lang='lat' dir='ltr'>abdite</span> <span class='ocrx_word' id='word_1_96' title='bbox 928 1719 1145 1801; x_wconf 87' lang='lat' dir='ltr'>explorantes,</span> 
     </span>
     <span class='ocr_line' id='line_1_14' title="bbox 143 1817 1147 1903; baseline 0.001 -21"><span class='ocrx_word' id='word_1_97' title='bbox 143 1839 312 1902; x_wconf 88' lang='lat' dir='ltr'>egressum</span> <span class='ocrx_word' id='word_1_98' title='bbox 349 1819 378 1882; x_wconf 90' lang='lat' dir='ltr'>ei</span> <span class='ocrx_word' id='word_1_99' title='bbox 414 1817 629 1903; x_wconf 78' lang='lat' dir='ltr'>abnegabant.</span> <span class='ocrx_word' id='word_1_100' title='bbox 681 1817 830 1900; x_wconf 84' lang='lat' dir='ltr'>Cumque</span> <span class='ocrx_word' id='word_1_101' title='bbox 866 1817 901 1879; x_wconf 95' lang='lat' dir='ltr'>id</span> <span class='ocrx_word' id='word_1_102' title='bbox 936 1819 1147 1901; x_wconf 88' lang='lat' dir='ltr'>comperisset</span> 
     </span>
     <span class='ocr_line' id='line_1_15' title="bbox 143 1911 1147 1998; baseline 0.003 -18"><span class='ocrx_word' id='word_1_103' title='bbox 143 1914 297 1992; x_wconf 78' lang='lat' dir='ltr'>BrianuS,</span> <span class='ocrx_word' id='word_1_104' title='bbox 327 1915 463 1982; x_wconf 83' lang='lat' dir='ltr'>recessit</span> <span class='ocrx_word' id='word_1_105' title='bbox 493 1937 533 1980; x_wconf 85' lang='lat' dir='ltr'>ex</span> <span class='ocrx_word' id='word_1_106' title='bbox 562 1915 618 1980; x_wconf 89' lang='lat' dir='ltr'>illo</span> <span class='ocrx_word' id='word_1_107' title='bbox 646 1916 728 1992; x_wconf 91' lang='lat' dir='ltr'>loco,</span> <span class='ocrx_word' id='word_1_108' title='bbox 748 1915 869 1998; x_wconf 87' lang='lat' dir='ltr'>ivitque</span> <span class='ocrx_word' id='word_1_109' title='bbox 890 1911 1061 1994; x_wconf 86' lang='lat' dir='ltr'>Exoniam,</span> <span class='ocrx_word' id='word_1_110' title='bbox 1089 1921 1147 1983; x_wconf 93' lang='lat' dir='ltr'>ubi</span> 
     </span>
    </p>
   </div>
   <div class='ocr_carea' id='block_1_3' title="bbox 4 2015 1144 2099">
    <p class='ocr_par' dir='ltr' id='par_1_3' title="bbox 4 2015 1144 2099">
     <span class='ocr_line' id='line_1_16' title="bbox 4 2015 1144 2099; baseline 0.001 -19"><span class='ocrx_word' id='word_1_111' title='bbox 4 2021 5 2028; x_wconf 76' lang='grc'>’</span> <span class='ocrx_word' id='word_1_112' title='bbox 38 2045 42 2052; x_wconf 93' lang='grc'><em>·</em></span> <span class='ocrx_word' id='word_1_113' title='bbox 141 2016 326 2080; x_wconf 88' lang='lat' dir='ltr'>convocatis</span> <span class='ocrx_word' id='word_1_114' title='bbox 360 2015 563 2091; x_wconf 88' lang='lat' dir='ltr'>Britonibus,</span> <span class='ocrx_word' id='word_1_115' title='bbox 601 2036 640 2079; x_wconf 91' lang='lat' dir='ltr'>ea</span> <span class='ocrx_word' id='word_1_116' title='bbox 671 2037 743 2099; x_wconf 86' lang='lat' dir='ltr'>quae</span> <span class='ocrx_word' id='word_1_117' title='bbox 779 2015 912 2091; x_wconf 88' lang='lat' dir='ltr'>fecerat,</span> <span class='ocrx_word' id='word_1_118' title='bbox 956 2017 1144 2082; x_wconf 85' lang='lat' dir='ltr'>notificavit.</span> 
     </span>
    </p>
   </div>
   <div class='ocr_carea' id='block_1_4' title="bbox 0 2506 3 4107">
    <p class='ocr_par' dir='ltr' id='par_1_4' title="bbox 0 2506 3 4107">
     <span class='ocr_line' id='line_1_17' title="bbox 0 2506 3 4107; baseline 0 0"><span class='ocrx_word' id='word_1_119' title='bbox 0 2506 3 4107; x_wconf 95' lang='lat' dir='ltr'> </span> 
     </span>
    </p>
   </div>
   <div class='ocr_carea' id='block_1_5' title="bbox 139 2113 1146 2886">
    <p class='ocr_par' dir='ltr' id='par_1_5' title="bbox 139 2113 1146 2886">
     <span class='ocr_line' id='line_1_18' title="bbox 142 2113 1146 2198; baseline 0.002 -19"><span class='ocrx_word' id='word_1_120' title='bbox 142 2114 260 2179; x_wconf 84' lang='lat' dir='ltr'>Missis</span> <span class='ocrx_word' id='word_1_121' title='bbox 284 2115 494 2198; x_wconf 84' lang='lat' dir='ltr'>postmodum</span> <span class='ocrx_word' id='word_1_122' title='bbox 518 2113 560 2177; x_wconf 89' lang='lat' dir='ltr'>ad</span> <span class='ocrx_word' id='word_1_123' title='bbox 585 2113 826 2178; x_wconf 73' lang='lat' dir='ltr'>cadwallonem</span> <span class='ocrx_word' id='word_1_124' title='bbox 855 2113 983 2198; x_wconf 87' lang='lat' dir='ltr'>legatis,</span> <span class='ocrx_word' id='word_1_125' title='bbox 1006 2116 1146 2181; x_wconf 88' lang='lat' dir='ltr'>munivit</span> 
     </span>
     <span class='ocr_line' id='line_1_19' title="bbox 141 2210 1146 2296; baseline 0.002 -20"><span class='ocrx_word' id='word_1_126' title='bbox 141 2213 258 2278; x_wconf 90' lang='lat' dir='ltr'>urbem</span> <span class='ocrx_word' id='word_1_127' title='bbox 277 2213 387 2277; x_wconf 89' lang='lat' dir='ltr'>illam:</span> <span class='ocrx_word' id='word_1_128' title='bbox 409 2211 638 2294; x_wconf 82' lang='lat' dir='ltr'>mandavitque</span> <span class='ocrx_word' id='word_1_129' title='bbox 657 2211 819 2275; x_wconf 89' lang='lat' dir='ltr'>universis</span> <span class='ocrx_word' id='word_1_130' title='bbox 840 2210 1012 2275; x_wconf 89' lang='lat' dir='ltr'>Britonum</span> <span class='ocrx_word' id='word_1_131' title='bbox 1033 2234 1146 2296; x_wconf 90' lang='lat' dir='ltr'>proce-</span> 
     </span>
     <span class='ocr_line' id='line_1_20' title="bbox 140 2309 1144 2395; baseline 0.001 -20"><span class='ocrx_word' id='word_1_132' title='bbox 140 2312 241 2387; x_wconf 90' lang='lat' dir='ltr'>ribus,</span> <span class='ocrx_word' id='word_1_133' title='bbox 268 2318 306 2374; x_wconf 89' lang='lat' dir='ltr'>ut</span> <span class='ocrx_word' id='word_1_134' title='bbox 321 2309 440 2395; x_wconf 90' lang='lat' dir='ltr'>oppida</span> <span class='ocrx_word' id='word_1_135' title='bbox 459 2331 519 2373; x_wconf 91' lang='lat' dir='ltr'>sua</span> <span class='ocrx_word' id='word_1_136' title='bbox 539 2317 573 2373; x_wconf 91' lang='lat' dir='ltr'>et</span> <span class='ocrx_word' id='word_1_137' title='bbox 593 2309 740 2374; x_wconf 88' lang='lat' dir='ltr'>civitates</span> <span class='ocrx_word' id='word_1_138' title='bbox 756 2309 926 2374; x_wconf 85' lang='lat' dir='ltr'>defensare</span> <span class='ocrx_word' id='word_1_139' title='bbox 945 2309 1144 2388; x_wconf 87' lang='lat' dir='ltr'>insisterent,</span> 
     </span>
     <span class='ocr_line' id='line_1_21' title="bbox 141 2407 1145 2494; baseline 0.001 -21"><span class='ocrx_word' id='word_1_140' title='bbox 141 2409 273 2494; x_wconf 85' lang='lat' dir='ltr'>laetique</span> <span class='ocrx_word' id='word_1_141' title='bbox 301 2408 479 2474; x_wconf 88' lang='lat' dir='ltr'>adventum</span> <span class='ocrx_word' id='word_1_142' title='bbox 514 2407 732 2472; x_wconf 81' lang='lat' dir='ltr'>Cadvvallonis</span> <span class='ocrx_word' id='word_1_143' title='bbox 768 2417 988 2493; x_wconf 81' lang='lat' dir='ltr'>expectarent,</span> <span class='ocrx_word' id='word_1_144' title='bbox 1027 2410 1081 2494; x_wconf 90' lang='lat' dir='ltr'>qui</span> <span class='ocrx_word' id='word_1_145' title='bbox 1110 2411 1145 2474; x_wconf 93' lang='lat' dir='ltr'>in</span> 
     </span>
     <span class='ocr_line' id='line_1_22' title="bbox 139 2507 1143 2591; baseline 0.003 -19"><span class='ocrx_word' id='word_1_146' title='bbox 139 2508 233 2572; x_wconf 86' lang='lat' dir='ltr'>brevi</span> <span class='ocrx_word' id='word_1_147' title='bbox 265 2507 447 2572; x_wconf 88' lang='lat' dir='ltr'>Salomonis</span> <span class='ocrx_word' id='word_1_148' title='bbox 473 2507 594 2570; x_wconf 84' lang='lat' dir='ltr'>auxilio</span> <span class='ocrx_word' id='word_1_149' title='bbox 623 2507 740 2584; x_wconf 77' lang='lat' dir='ltr'>fretae,</span> <span class='ocrx_word' id='word_1_150' title='bbox 767 2507 814 2571; x_wconf 91' lang='lat' dir='ltr'>eis</span> <span class='ocrx_word' id='word_1_151' title='bbox 837 2507 987 2591; x_wconf 72' lang='lat' dir='ltr'>praesidio</span> <span class='ocrx_word' id='word_1_152' title='bbox 1006 2509 1143 2575; x_wconf 83' lang='lat' dir='ltr'>veniret.</span> 
     </span>
     <span class='ocr_line' id='line_1_23' title="bbox 141 2603 1144 2691; baseline 0.004 -23"><span class='ocrx_word' id='word_1_153' title='bbox 141 2603 217 2669; x_wconf 89' lang='lat' dir='ltr'>Hoc</span> <span class='ocrx_word' id='word_1_154' title='bbox 231 2606 345 2690; x_wconf 85' lang='lat' dir='ltr'>itaque</span> <span class='ocrx_word' id='word_1_155' title='bbox 358 2627 417 2690; x_wconf 89' lang='lat' dir='ltr'>per</span> <span class='ocrx_word' id='word_1_156' title='bbox 436 2613 540 2670; x_wconf 88' lang='lat' dir='ltr'>totam</span> <span class='ocrx_word' id='word_1_157' title='bbox 565 2605 705 2670; x_wconf 88' lang='lat' dir='ltr'>insulam</span> <span class='ocrx_word' id='word_1_158' title='bbox 728 2605 906 2691; x_wconf 83' lang='lat' dir='ltr'>divulgato,</span> <span class='ocrx_word' id='word_1_159' title='bbox 929 2604 1063 2670; x_wconf 86' lang='lat' dir='ltr'>Peanda</span> <span class='ocrx_word' id='word_1_160' title='bbox 1084 2628 1144 2673; x_wconf 85' lang='lat' dir='ltr'>rex</span> 
     </span>
     <span class='ocr_line' id='line_1_24' title="bbox 141 2702 1144 2771; baseline 0.003 -3"><span class='ocrx_word' id='word_1_161' title='bbox 141 2702 346 2768; x_wconf 87' lang='lat' dir='ltr'>Morciorum</span> <span class='ocrx_word' id='word_1_162' title='bbox 368 2723 443 2767; x_wconf 93' lang='lat' dir='ltr'>cum</span> <span class='ocrx_word' id='word_1_163' title='bbox 467 2703 610 2767; x_wconf 84' lang='lat' dir='ltr'>maxima</span> <span class='ocrx_word' id='word_1_164' title='bbox 628 2704 841 2769; x_wconf 88' lang='lat' dir='ltr'>multitudine</span> <span class='ocrx_word' id='word_1_165' title='bbox 860 2703 1028 2770; x_wconf 83' lang='lat' dir='ltr'>Saxonum</span> <span class='ocrx_word' id='word_1_166' title='bbox 1052 2706 1144 2771; x_wconf 89' lang='lat' dir='ltr'>venit</span> 
     </span>
     <span class='ocr_line' id='line_1_25' title="bbox 142 2801 708 2886; baseline 0 -20"><span class='ocrx_word' id='word_1_167' title='bbox 142 2801 315 2879; x_wconf 86' lang='lat' dir='ltr'>Exoniam,</span> <span class='ocrx_word' id='word_1_168' title='bbox 332 2801 556 2886; x_wconf 87' lang='lat' dir='ltr'>Brianumque</span> <span class='ocrx_word' id='word_1_169' title='bbox 571 2802 708 2868; x_wconf 88' lang='lat' dir='ltr'>obsedit.</span> 
     </span>
    </p>
   </div>
   <div class='ocr_carea' id='block_1_6' title="bbox 150 3060 1137 3228">
    <p class='ocr_par' dir='ltr' id='par_1_6' title="bbox 150 3060 1137 3228">
     <span class='ocr_line' id='line_1_26' title="bbox 150 3060 1137 3143; baseline 0.002 -19"><span class='ocrx_word' id='word_1_170' title='bbox 150 3060 166 3143; x_wconf 67' lang='lat' dir='ltr'>i</span> <span class='ocrx_word' id='word_1_171' title='bbox 187 3061 218 3123; x_wconf 91' lang='lat'>8.</span> <span class='ocrx_word' id='word_1_172' title='bbox 239 3077 407 3122; x_wconf 69' lang='lat' dir='ltr'>emulano</span> <span class='ocrx_word' id='word_1_173' title='bbox 427 3077 585 3133; x_wconf 71' lang='lat' dir='ltr'>minam,</span> <span class='ocrx_word' id='word_1_174' title='bbox 606 3077 764 3122; x_wconf 81' lang='lat' dir='ltr'>nxnnmru</span> <span class='ocrx_word' id='word_1_175' title='bbox 784 3076 858 3123; x_wconf 72' lang='lat' dir='ltr'>ntus</span> <span class='ocrx_word' id='word_1_176' title='bbox 877 3078 1010 3136; x_wconf 80' lang='lat' dir='ltr'>vuemo,</span> <span class='ocrx_word' id='word_1_177' title='bbox 1031 3079 1137 3126; x_wconf 78' lang='lat' dir='ltr'>orsm-</span> 
     </span>
     <span class='ocr_line' id='line_1_27' title="bbox 551 3182 740 3228; baseline 0 0"><span class='ocrx_word' id='word_1_178' title='bbox 551 3182 620 3228; x_wconf 86' lang='lat' dir='ltr'>vmr</span> <span class='ocrx_word' id='word_1_179' title='bbox 639 3183 740 3228; x_wconf 79' lang='lat' dir='ltr'>mom.</span> 
     </span>
    </p>
   </div>
   <div class='ocr_carea' id='block_1_7' title="bbox 140 3295 1146 4077">
    <p class='ocr_par' dir='ltr' id='par_1_7' title="bbox 157 3295 1145 3605">
     <span class='ocr_line' id='line_1_28' title="bbox 157 3295 1145 3387; baseline 0.005 -25"><span class='ocrx_word' id='word_1_180' title='bbox 157 3312 203 3341; x_wconf 38' lang='grc' dir='ltr'><em>ἰ</em></span> <span class='ocrx_word' id='word_1_181' title='bbox 232 3314 305 3359; x_wconf 46' lang='grc' dir='ltr'>επ»</span> <span class='ocrx_word' id='word_1_182' title='bbox 329 3378 335 3385; x_wconf 10' lang='grc' dir='ltr'>ἢ</span> <span class='ocrx_word' id='word_1_183' title='bbox 357 3360 372 3387; x_wconf 10' lang='lat'>¹„</span> <span class='ocrx_word' id='word_1_184' title='bbox 442 3295 641 3363; x_wconf 85' lang='lat' dir='ltr'><strong>NTEREA</strong></span> <span class='ocrx_word' id='word_1_185' title='bbox 676 3298 831 3382; x_wconf 88' lang='lat' dir='ltr'>applicuit</span> <span class='ocrx_word' id='word_1_186' title='bbox 869 3297 1034 3364; x_wconf 80' lang='lat' dir='ltr'>Oadvvallo</span> <span class='ocrx_word' id='word_1_187' title='bbox 1071 3325 1145 3367; x_wconf 91' lang='lat' dir='ltr'>cum</span> 
     </span>
     <span class='ocr_line' id='line_1_29' title="bbox 218 3397 1144 3487; baseline 0.003 -25"><span class='ocrx_word' id='word_1_188' title='bbox 218 3484 220 3487; x_wconf 40' lang='lat'>.</span> <span class='ocrx_word' id='word_1_189' title='bbox 300 3462 305 3463; x_wconf 17' lang='lat' dir='ltr'><em>ff</em></span> <span class='ocrx_word' id='word_1_190' title='bbox 443 3398 554 3462; x_wconf 88' lang='lat' dir='ltr'>decem</span> <span class='ocrx_word' id='word_1_191' title='bbox 568 3397 711 3461; x_wconf 85' lang='lat' dir='ltr'>milhbus</span> <span class='ocrx_word' id='word_1_192' title='bbox 731 3398 881 3473; x_wconf 87' lang='lat' dir='ltr'>militum,</span> <span class='ocrx_word' id='word_1_193' title='bbox 903 3419 985 3481; x_wconf 87' lang='lat' dir='ltr'>quos</span> <span class='ocrx_word' id='word_1_194' title='bbox 1005 3399 1036 3463; x_wconf 94' lang='lat' dir='ltr'>ei</span> <span class='ocrx_word' id='word_1_195' title='bbox 1053 3398 1144 3465; x_wconf 86' lang='lat' dir='ltr'>Salo-</span> 
     </span>
     <span class='ocr_line' id='line_1_30' title="bbox 396 3497 1144 3605; baseline 0.006 -45.561"><span class='ocrx_word' id='word_1_196' title='bbox 396 3518 424 3605; x_wconf 61' lang='lat' dir='ltr'>&#39;f</span> <span class='ocrx_word' id='word_1_197' title='bbox 442 3518 519 3561; x_wconf 91' lang='lat' dir='ltr'>mon</span> <span class='ocrx_word' id='word_1_198' title='bbox 533 3517 592 3560; x_wconf 87' lang='lat' dir='ltr'>rex</span> <span class='ocrx_word' id='word_1_199' title='bbox 613 3497 840 3561; x_wconf 86' lang='lat' dir='ltr'>commiserat:</span> <span class='ocrx_word' id='word_1_200' title='bbox 862 3497 1043 3581; x_wconf 89' lang='lat' dir='ltr'>petivitque</span> <span class='ocrx_word' id='word_1_201' title='bbox 1063 3500 1144 3564; x_wconf 90' lang='lat' dir='ltr'>cele-</span> 
     </span>
    </p>

    <p class='ocr_par' dir='ltr' id='par_1_8' title="bbox 217 3588 1145 3679">
     <span class='ocr_line' id='line_1_31' title="bbox 217 3590 1145 3679; baseline 0.003 -21"><span class='ocrx_word' id='word_1_202' title='bbox 217 3588 261 3679; x_wconf 69' lang='lat' dir='ltr'>&#39;&#39;¹ss</span> <span class='ocrx_word' id='word_1_203' title='bbox 313 3668 318 3675; x_wconf 67' lang='lat'><em>„</em></span> <span class='ocrx_word' id='word_1_204' title='bbox 404 3594 424 3641; x_wconf 77' lang='lat'>&#39;-</span> <span class='ocrx_word' id='word_1_205' title='bbox 442 3597 524 3659; x_wconf 89' lang='lat' dir='ltr'>riter</span> <span class='ocrx_word' id='word_1_206' title='bbox 544 3596 744 3660; x_wconf 90' lang='lat' dir='ltr'>obsidionem</span> <span class='ocrx_word' id='word_1_207' title='bbox 768 3617 865 3679; x_wconf 90' lang='lat' dir='ltr'>quam</span> <span class='ocrx_word' id='word_1_208' title='bbox 889 3595 1062 3679; x_wconf 85' lang='lat' dir='ltr'>praedictus</span> <span class='ocrx_word' id='word_1_209' title='bbox 1085 3619 1145 3661; x_wconf 88' lang='lat' dir='ltr'>rex</span> 
     </span>
    </p>

    <p class='ocr_par' dir='ltr' id='par_1_9' title="bbox 204 3684 1145 3779">
     <span class='ocr_line' id='line_1_32' title="bbox 204 3684 1145 3779; baseline 0.004 -21"><span class='ocrx_word' id='word_1_210' title='bbox 204 3760 206 3771; x_wconf 46' lang='lat'>,</span> <span class='ocrx_word' id='word_1_211' title='bbox 240 3684 268 3746; x_wconf 61' lang='lat'>=¹¹</span> <span class='ocrx_word' id='word_1_212' title='bbox 314 3692 320 3697; x_wconf 50' lang='lat'>¹</span> <span class='ocrx_word' id='word_1_213' title='bbox 381 3684 382 3691; x_wconf 85' lang='lat'>¹</span> <span class='ocrx_word' id='word_1_214' title='bbox 442 3696 585 3760; x_wconf 90' lang='lat' dir='ltr'>tenebat.</span> <span class='ocrx_word' id='word_1_215' title='bbox 632 3694 680 3759; x_wconf 87' lang='lat' dir='ltr'>Ut</span> <span class='ocrx_word' id='word_1_216' title='bbox 696 3705 806 3759; x_wconf 90' lang='lat' dir='ltr'>autem</span> <span class='ocrx_word' id='word_1_217' title='bbox 821 3694 965 3758; x_wconf 88' lang='lat' dir='ltr'>cominus</span> <span class='ocrx_word' id='word_1_218' title='bbox 980 3697 1145 3779; x_wconf 89' lang='lat' dir='ltr'>perrexit:</span> 
     </span>
    </p>

    <p class='ocr_par' dir='ltr' id='par_1_10' title="bbox 140 3770 1146 4077">
     <span class='ocr_line' id='line_1_33' title="bbox 235 3770 1144 3879; baseline 0.003 -22"><span class='ocrx_word' id='word_1_219' title='bbox 235 3798 246 3819; x_wconf 71' lang='lat'><strong>¹</strong></span> <span class='ocrx_word' id='word_1_220' title='bbox 302 3770 330 3833; x_wconf 57' lang='lat'>-3</span> <span class='ocrx_word' id='word_1_221' title='bbox 388 3802 421 3833; x_wconf 91' lang='grc'><strong>’</strong></span> <span class='ocrx_word' id='word_1_222' title='bbox 444 3793 553 3859; x_wconf 88' lang='lat' dir='ltr'>divisit</span> <span class='ocrx_word' id='word_1_223' title='bbox 571 3794 692 3858; x_wconf 87' lang='lat' dir='ltr'>milites</span> <span class='ocrx_word' id='word_1_224' title='bbox 708 3815 784 3858; x_wconf 89' lang='lat' dir='ltr'>suos</span> <span class='ocrx_word' id='word_1_225' title='bbox 799 3793 834 3857; x_wconf 90' lang='lat' dir='ltr'>in</span> <span class='ocrx_word' id='word_1_226' title='bbox 858 3801 997 3876; x_wconf 90' lang='lat' dir='ltr'>quatuor</span> <span class='ocrx_word' id='word_1_227' title='bbox 1022 3805 1144 3879; x_wconf 80' lang='lat' dir='ltr'>partae,</span> 
     </span>
     <span class='ocr_line' id='line_1_34' title="bbox 141 3890 1146 3977; baseline 0.001 -19"><span class='ocrx_word' id='word_1_228' title='bbox 141 3893 321 3977; x_wconf 89' lang='lat' dir='ltr'>hostesque</span> <span class='ocrx_word' id='word_1_229' title='bbox 347 3913 425 3956; x_wconf 88' lang='lat' dir='ltr'>suos</span> <span class='ocrx_word' id='word_1_230' title='bbox 450 3892 541 3956; x_wconf 89' lang='lat' dir='ltr'>adire</span> <span class='ocrx_word' id='word_1_231' title='bbox 566 3912 632 3955; x_wconf 93' lang='lat' dir='ltr'>non</span> <span class='ocrx_word' id='word_1_232' title='bbox 657 3892 794 3956; x_wconf 90' lang='lat' dir='ltr'>distulit.</span> <span class='ocrx_word' id='word_1_233' title='bbox 841 3890 1003 3956; x_wconf 77' lang='lat' dir='ltr'>Conserto</span> <span class='ocrx_word' id='word_1_234' title='bbox 1029 3895 1146 3959; x_wconf 91' lang='lat' dir='ltr'>deinde</span> 
     </span>
     <span class='ocr_line' id='line_1_35' title="bbox 140 3990 1146 4077; baseline 0.002 -21"><span class='ocrx_word' id='word_1_235' title='bbox 140 3994 264 4077; x_wconf 83' lang='lat' dir='ltr'>praelio,</span> <span class='ocrx_word' id='word_1_236' title='bbox 293 4000 408 4076; x_wconf 88' lang='lat' dir='ltr'>captus</span> <span class='ocrx_word' id='word_1_237' title='bbox 424 3999 475 4055; x_wconf 89' lang='lat' dir='ltr'>est</span> <span class='ocrx_word' id='word_1_238' title='bbox 495 3990 630 4056; x_wconf 86' lang='lat' dir='ltr'>Peanda</span> <span class='ocrx_word' id='word_1_239' title='bbox 649 3991 812 4067; x_wconf 88' lang='lat' dir='ltr'>continuo,</span> <span class='ocrx_word' id='word_1_240' title='bbox 840 3998 874 4054; x_wconf 90' lang='lat' dir='ltr'>et</span> <span class='ocrx_word' id='word_1_241' title='bbox 894 3991 1054 4056; x_wconf 80' lang='lat' dir='ltr'>exercitus</span> <span class='ocrx_word' id='word_1_242' title='bbox 1075 3994 1146 4077; x_wconf 83' lang='lat' dir='ltr'>ejus</span> 
     </span>
    </p>
   </div>
   <div class='ocr_carea' id='block_1_8' title="bbox 141 4088 1147 4273">
    <p class='ocr_par' dir='ltr' id='par_1_11' title="bbox 141 4088 1147 4273">
     <span class='ocr_line' id='line_1_36' title="bbox 142 4088 1147 4176; baseline 0.002 -20"><span class='ocrx_word' id='word_1_243' title='bbox 142 4099 340 4176; x_wconf 87' lang='lat' dir='ltr'>peremptus.</span> <span class='ocrx_word' id='word_1_244' title='bbox 388 4090 527 4175; x_wconf 83' lang='lat' dir='ltr'>Ounque</span> <span class='ocrx_word' id='word_1_245' title='bbox 556 4091 626 4176; x_wconf 90' lang='lat' dir='ltr'>ipse</span> <span class='ocrx_word' id='word_1_246' title='bbox 655 4090 754 4153; x_wconf 87' lang='lat' dir='ltr'>alium</span> <span class='ocrx_word' id='word_1_247' title='bbox 783 4088 907 4153; x_wconf 87' lang='lat' dir='ltr'>aditum</span> <span class='ocrx_word' id='word_1_248' title='bbox 937 4091 1051 4156; x_wconf 88' lang='lat' dir='ltr'>salutis</span> <span class='ocrx_word' id='word_1_249' title='bbox 1080 4115 1147 4158; x_wconf 91' lang='lat' dir='ltr'>non</span> 
     </span>
     <span class='ocr_line' id='line_1_37' title="bbox 141 4187 1144 4273; baseline 0.004 -19"><span class='ocrx_word' id='word_1_250' title='bbox 141 4192 288 4268; x_wconf 89' lang='lat' dir='ltr'>haberet,</span> <span class='ocrx_word' id='word_1_251' title='bbox 327 4189 473 4255; x_wconf 89' lang='lat' dir='ltr'>subdidit</span> <span class='ocrx_word' id='word_1_252' title='bbox 499 4210 534 4255; x_wconf 88' lang='lat' dir='ltr'>se</span> <span class='ocrx_word' id='word_1_253' title='bbox 565 4188 775 4266; x_wconf 83' lang='lat' dir='ltr'>Oadwalloni,</span> <span class='ocrx_word' id='word_1_254' title='bbox 814 4187 968 4273; x_wconf 89' lang='lat' dir='ltr'>deditque</span> <span class='ocrx_word' id='word_1_255' title='bbox 1005 4191 1144 4270; x_wconf 74' lang='lat' dir='ltr'>obsides</span> 
     </span>
    </p>
   </div>
   <div class='ocr_carea' id='block_1_9' title="bbox 0 0 1440 4876">
    <p class='ocr_par' dir='ltr' id='par_1_12' title="bbox 0 0 1440 4876">
     <span class='ocr_line' id='line_1_38' title="bbox 0 0 1440 4876; baseline 0 0"><span class='ocrx_word' id='word_1_256' title='bbox 0 0 1440 4876; x_wconf 95' lang='lat' dir='ltr'> </span> 
     </span>
    </p>
   </div>
  </div>
 </body>
</html>
