2848 4888
424 515 578 559 fflsronra
593 515 665 558 ane.
678 515 760 559 narr.
775 515 836 559 arn.
851 515 893 559 vn
1099 495 1159 556 113

144 666 187 722 ut
208 660 281 746 regi
303 660 459 725 nunciata
480 660 626 735 fuerunt,
652 659 682 724 ei
707 661 917 726 vehementer
941 659 1154 744 placuerunt:

146 757 227 842 quia
263 759 388 824 invitus
425 761 548 824 sineret
585 759 786 845 Hengistum
822 759 921 824 abire.
982 757 1155 823 Postremo

139 855 244 939 jussit
270 867 305 923 et
331 859 417 923 cives
441 867 475 922 et
506 859 653 923 Saxones
680 857 783 923 Maiis
806 857 963 933 kalendis,
988 879 1060 941 quae
1085 856 1153 941 jam

146 956 273 1021 instare
294 957 501 1042 incipiebant,
520 959 620 1042 juxta
634 956 762 1021 Ambrii
777 957 957 1022 eoenobium
972 955 1155 1032 convenire,

147 1063 187 1119 ut
201 1056 325 1120 ibidem
343 1057 498 1141 praedicta
518 1065 750 1122 statuerentur.
797 1055 897 1136 Quod
922 1077 996 1120 cum
1015 1055 1048 1119 in
1064 1063 1155 1118 utra

148 1176 213 1238 que
233 1163 329 1238 parte
351 1162 514 1219 statutum
534 1164 641 1220 esset:
665 1154 849 1240 Hengistus
868 1175 955 1218 nova
973 1151 1157 1237 proditione

148 1274 240 1329 usus,
268 1255 539 1320 commilitonibus
566 1255 633 1318 suis
661 1254 824 1338 praecepit,
856 1262 894 1317 ut
930 1251 1156 1336 unusquisque

148 1352 284 1437 longum
311 1353 454 1417 cultrum
482 1354 571 1418 intra
594 1354 712 1439 caligas
738 1352 964 1417 absconditum
984 1351 1154 1416 haberent.

150 1449 196 1514 Et
212 1473 287 1514 cum
303 1452 500 1536 colloquium
520 1453 667 1518 securius
686 1459 868 1516 tractarent
889 1450 1063 1515 Britones:
1086 1450 1156 1534 ipse

148 1550 193 1614 cis
208 1551 273 1614 hoc
288 1549 382 1614 daret
394 1551 533 1636 signnm,
558 1551 666 1615 [anot
681 1572 755 1614 oure
769 1571 883 1614 satos:
906 1550 994 1613 unde
1015 1549 1154 1634 quisque

149 1657 285 1732 paratus
304 1656 468 1713 astantem
489 1648 659 1715 Britonem
679 1647 834 1714 audacter
854 1655 1038 1731 occuparet,
1057 1655 1158 1730 atque

149 1747 324 1812 abstractis
346 1747 459 1810 cultris
484 1767 582 1832 ocyus
603 1747 709 1830 ipsum
730 1747 910 1834 jugularet.
957 1745 1028 1810 Nec
1053 1766 1155 1820 mora,

151 1854 276 1910 statuta
285 1845 336 1909 die
347 1845 491 1909 instante
502 1853 724 1910 convenerunt
735 1865 848 1910 omnes
859 1845 947 1908 intra
961 1839 1157 1909 nominatam

152 1945 278 2018 urbem,
310 1952 344 2008 et
374 1944 415 2008 de
444 1964 524 2027 pace
552 1943 703 2008 habenda
731 1943 927 2027 colloquium
953 1943 1155 2028 inceperunt.

152 2042 201 2107 Ut
227 2043 329 2128 igitur
359 2042 474 2106 horam
496 2042 670 2125 proditioni
697 2063 765 2106 sua
791 2042 940 2107 idoneam
963 2042 1158 2126 inspexisset

153 2141 351 2226 Hengistus,
379 2141 576 2205 vociferatus
597 2149 657 2217 est,
680 2141 793 2206 Ncmct
807 2163 881 2205 oure
895 2161 1009 2206 saeoc:
1033 2141 1158 2206 stilico

151 2240 390 2326 Vortegirnum
405 2240 538 2324 accepit,
559 2247 594 2305 et
613 2261 671 2324 per
686 2240 821 2324 pallium
841 2240 988 2305 detinuit.
1034 2239 1159 2306 Audito

149 2361 250 2424 ocyus
280 2339 385 2426 signo,
415 2340 650 2404 abstraxerunt
677 2337 823 2404 Saxones
853 2339 976 2404 cultros
1007 2361 1094 2417 suos,
1126 2351 1160 2407 et

147 2447 295 2504 astantes
310 2438 472 2522 principes
494 2438 695 2514 invaserunt,
723 2439 875 2522 ipsosque
894 2439 975 2502 nihil
989 2441 1055 2504 tale
1077 2462 1159 2525 prae-

149 2537 348 2602 meditantes
367 2537 605 2622 jugulaverunt
631 2537 759 2603 circiter
785 2539 1041 2624 quadringentos
1068 2561 1160 2606 sexa-

150 2637 253 2723 ginta,
285 2636 372 2699 inter
400 2635 540 2698 barones
573 2643 607 2699 et
640 2637 799 2712 consules,
838 2638 993 2722 (quorum
1024 2660 1162 2723 corpora

152 2736 271 2800 beatus
287 2731 436 2796 Eldadus
451 2733 660 2816 postmodum
680 2735 836 2817 sepelivit,
857 2744 958 2819 atquc
974 2736 1161 2802 Christiano

151 2855 242 2898 more
256 2831 414 2906 humavit,
435 2831 524 2894 haud
542 2831 639 2917 longe
654 2853 675 2896 a
696 2832 957 2910 Kaercarcdane,
983 2856 1054 2920 quae
1074 2858 1161 2902 nunc

155 2929 342 2995 salesberia
361 2929 491 3005 dicitur,
517 2929 551 2992 in
572 2931 746 2994 cemeterio
761 2931 851 3015 quod
870 2940 921 2997 est
938 2933 1036 3016 juxta
1056 2956 1161 3000 coeno-

154 3027 241 3092 bium
257 3026 389 3092 Ambrii
403 3028 541 3103 abbatis,
554 3028 611 3112 qui
626 3029 704 3092 olim
714 3028 872 3094 iamdator
883 3030 984 3114 ipsius
994 3034 1159 3099 extiterat.

156 3125 282 3191 Omnes
304 3127 389 3190 enim
411 3126 481 3190 sine
500 3128 600 3191 armis
620 3127 831 3203 advenerant,
851 3149 912 3194 nec
934 3130 1024 3194 aliud
1043 3132 1105 3197 nisi
1121 3134 1162 3198 de

154 3246 234 3308 pace
248 3225 423 3290 tractanda
442 3226 681 3291 existimabant.
728 3225 826 3291 Unde
841 3228 942 3292 ceteri
957 3230 1013 3312 qui
1027 3239 1162 3314 propter

155 3324 373 3406 proditionem
388 3332 601 3398 accesserant,
616 3324 720 3390 levius
729 3324 817 3408 ipsos
826 3324 967 3390 inermes
978 3327 1162 3394 interficere

156 3430 345 3505 potuerunt.
391 3421 468 3485 Non
488 3421 620 3506 impune
638 3429 749 3486 tamen
768 3422 838 3487 hac
858 3433 996 3508 egerunt
1018 3424 1161 3512 Pagani:

158 3521 211 3602 qni
225 3520 323 3584 multi
333 3540 447 3584 eorum
458 3520 617 3604 perempti
627 3519 784 3584 fuerunt:
807 3521 886 3584 dum
897 3523 970 3596 neci
979 3532 1163 3590 ceterorum

158 3618 372 3682 imminerent.
423 3616 617 3702 Eripiebaut
652 3618 739 3682 enim
777 3618 931 3685 Britones
968 3642 1009 3685 ex
1045 3625 1164 3691 tellure

159 3715 278 3799 lapides
294 3723 329 3781 et
343 3715 460 3798 fustes,
482 3725 582 3800 atque
598 3736 670 3781 sese
691 3715 866 3782 defendere
881 3718 1037 3796 volentes,
1053 3723 1163 3804 prodi-

162 3821 246 3878 tores
262 3813 439 3879 illidebant.
