2848 4888
393 482 811 531 animumanimum.
826 483 882 528 vn.
1093 464 1152 524 123

2 675 3 710 3
136 652 242 716 super
257 633 366 717 ipsum
380 629 569 696 metebitur.
619 628 866 694 Oadwalladrus
890 624 1019 692 voeabit
1044 623 1152 690 (lona-

2 727 3 732 ’
136 751 234 805 num,
252 739 286 794 et
308 727 484 794 Albaniam
503 728 539 792 in
562 727 751 792 societatem
774 725 920 810 aeeipiet.
973 723 1067 788 Tune
1088 723 1153 788 erit

137 838 274 916 strages
300 828 578 914 alienigenarum:
599 835 680 890 tuno
702 825 836 890 flumine
862 823 1021 910 sanguine
1040 843 1152 886 mana·

136 929 240 994 bunt.
287 927 382 992 Tune
405 933 578 1010 erumpent
599 924 765 990 Armoriei
786 925 905 999 fontes,
919 931 955 988 et
970 921 1070 988 Bruti
1084 921 1153 986 dia·

141 1027 276 1098 demate
291 1027 545 1092 eoronabuntnr.
592 1023 787 1108 Replebitnr
800 1021 955 1088 Gambria
968 1020 1104 1086 letitia:
1119 1028 1154 1086 et

139 1128 266 1192 robora
289 1124 467 1190 Cornnbiae
481 1123 653 1188 virescent.
711 1120 856 1188 Nomine
871 1120 971 1187 Bruti
985 1117 1154 1186 venabitur

139 1224 262 1299 insula,
275 1232 310 1288 et
324 1223 522 1306 nuncupatio
534 1230 767 1287 extraneorum
778 1218 908 1304 peribit.
954 1217 1008 1284 Ex
1019 1217 1154 1282 (lenano

1 1311 2 1396 ζ
140 1323 304 1408 procedet
332 1343 411 1406 aper
437 1321 620 1396 bellicosus,
644 1321 700 1405 qni
723 1320 812 1384 intra
836 1317 1006 1384 Gallioana
1019 1335 1155 1382 nemora

1 1429 3 1460 l
141 1441 286 1486 acumen
298 1419 443 1484 dentium
454 1440 590 1484 suorum
600 1417 775 1484 exeroebit.
824 1415 1155 1498 Truneabitnamque

143 1541 287 1605 quaque
302 1517 853 1602 majorarobora,1ninoribusvero
868 1516 1005 1580 tutelam
1019 1523 1155 1600 presta·

143 1618 206 1684 bit.
255 1617 434 1682 Timebunt
453 1617 545 1682 illum
564 1614 693 1682 Arabes
718 1623 752 1680 et
774 1613 942 1679 Afrioani:
964 1633 1041 1678 nam
1055 1613 1157 1698 impe·

145 1725 221 1782 tum
251 1737 366 1782 aursus
396 1717 447 1782 sui
475 1717 510 1781 in
540 1716 729 1780 ulteriorem
751 1713 944 1797 Hispaniam
970 1713 1154 1796 protendet.

147 1814 312 1879 Snoeedet
326 1815 436 1880 hirene
451 1812 594 1880 Venerei
608 1812 708 1878 castri
722 1831 824 1876 annea
837 1811 960 1875 hebens
975 1827 1107 1886 eornua,
1123 1819 1157 1876 et

145 1922 340 1998 argenteam
355 1914 506 1978 barbam:
530 1913 585 1997 qui
600 1933 642 1976 ex
657 1911 792 1976 naribus
808 1910 875 1974 suis
895 1917 1022 1974 tantam
1037 1909 1158 1974 efflabit

144 2012 300 2076 nebulam
332 2033 396 2097 qna
426 2019 498 2076 tota
529 2010 717 2095 superficies
751 2010 864 2073 insule
896 2008 1155 2074 obumbrabitur.

146 2109 223 2174 Pax
244 2110 309 2173 erit
331 2108 528 2193 intempore
543 2109 648 2174 illius:
672 2117 706 2173 et
719 2109 870 2173 ubertate
884 2106 988 2193 gleba
1002 2106 1158 2190 multipli-

145 2211 314 2276 cabuntur
329 2217 466 2295 segetes.
514 2207 676 2274 Mulieres
691 2208 820 2273 inoeesu
836 2215 1004 2292 serpentes
1018 2206 1109 2282 fient,
1125 2213 1159 2272 et

146 2328 264 2374 omnes
278 2329 393 2372 earum
407 2327 541 2392 gressm
564 2307 717 2392 superbia
736 2307 960 2390 replebuntur.
1006 2301 1159 2370 Renova-

147 2408 275 2472 buntnr
286 2415 396 2472 eastra
409 2406 568 2472 Veneris:
592 2427 653 2470 neo
661 2407 837 2470 oessabunt
845 2405 974 2490 sagitta
987 2397 1158 2490 oppininis

149 2506 336 2572 vulnerare.
384 2504 471 2570 Fons
487 2506 593 2570 omnis
607 2506 799 2570 vertetnrin
809 2504 1022 2590 sanguinem:
1045 2511 1078 2567 et
1094 2503 1159 2568 dno

148 2621 246 2689 reges
261 2604 407 2670 duellum
432 2612 567 2689 propter
589 2604 725 2668 lemnam
740 2604 781 2668 de
799 2603 884 2668 vado
898 2601 1003 2668 baeuli
1012 2602 1160 2668 oommit-

149 2711 236 2770 tent.
282 2701 402 2772 Omnis
413 2704 533 2768 humus
547 2703 745 2767 luxuriabit:
769 2709 803 2767 et
813 2700 994 2767 hnmanitas
1005 2699 1160 2766 fornieari

150 2822 218 2866 non
233 2801 372 2866 desinet.
420 2799 543 2868 Omnia
556 2801 626 2865 haee
646 2800 713 2864 tria
735 2801 845 2864 seonla
857 2799 1036 2865 videbunt:
1058 2798 1161 2864 donee

151 2900 274 2983 sepulti
303 2920 398 2984 reges
427 2900 461 2964 in
495 2899 578 2964 urbe
615 2897 862 2964 Londoniarum
890 2898 1159 2983 propalabantur.

154 2997 293 3064 Redibit
315 2997 435 3063 iterum
458 2997 584 3062 fames:
607 2997 729 3062 redibit
749 2998 953 3064 mortalitas:
975 3005 1009 3062 et
1035 2997 1161 3062 desola-

152 3097 277 3164 tionem
291 3095 424 3162 nrb’rum
439 3095 597 3161 dolebunt
611 3095 707 3161 eires.
755 3095 970 3180 Super-veniet
984 3117 1064 3180 aper
1074 3117 1161 3162 oom-

154 3195 279 3270 meroii,
290 3195 348 3278 qui
357 3195 521 3279 dispersos
536 3215 653 3280 greges
664 3194 707 3258 ad
718 3195 839 3260 amissa
848 3215 970 3280 pasena
983 3197 1159 3262 revooabit.

156 3291 281 3359 Paetus
296 3293 369 3377 ejus
384 3293 476 3357 eibue
491 3293 555 3357 erit
570 3293 753 3378 egentibus,
769 3301 803 3358 et
818 3295 930 3378 lingna
951 3295 1024 3378 ejus
1035 3294 1162 3359 sedabit

154 3393 314 3458 sitientes.
362 3390 414 3456 Ex
427 3412 484 3456 ore
494 3391 597 3476 ipsius
612 3392 789 3476 procedent
798 3391 934 3458 flumina
948 3413 1020 3478 quea
1031 3401 1162 3458 arentes

153 3492 325 3557 bominum
339 3489 451 3556 faueas
465 3490 629 3576 rigabunt.
677 3487 765 3554 Exin
781 3511 879 3575 snper
894 3492 1014 3556 turrim
1029 3490 1162 3558 Londo-

154 3589 282 3656 niarum
294 3587 521 3672 promeabitur
532 3586 641 3662 arbor,
654 3609 726 3671 qna
734 3589 842 3654 tribus
855 3589 1053 3654 solummodo
1062 3591 1163 3656 ramis

155 3694 321 3762 oontenta,
337 3685 539 3770 superficiem
553 3686 656 3750 totius
680 3687 795 3752 insnlae
818 3688 989 3754 latitudine
1011 3687 1163 3756 foliorum

156 3782 376 3853 obumbrabit.
422 3783 512 3848 Huie
547 3783 754 3850 adversarius
792 3785 917 3852 Boreas
946 3787 1163 3872 superveniet,

156 3893 258 3968 atque
272 3882 385 3967 iniquo
406 3881 488 3948 flatu
503 3901 563 3948 suo
577 3883 714 3946 tertium
736 3883 784 3950 illi
798 3905 926 3950 ramum
940 3885 1076 3970 eripiet:
1098 3886 1164 3954 duo

158 4003 238 4048 vero
261 3980 386 4046 residui
407 3981 511 4046 looum
535 3980 689 4065 extirpati
714 3985 928 4067 ooeupebunt,
956 3983 1058 4048 donee
1081 3985 1165 4052 alter

157 4080 299 4148 alterum
321 4079 475 4145 foliorum
489 4079 700 4146 multitudiue
723 4082 935 4149 annihilabit:
958 4081 1165 4150 deindevero

155 4179 264 4244 locum
288 4177 427 4246 duorum
457 4177 617 4244 obtinebit
642 4178 723 4263 ipse,
751 4189 785 4246 et
806 4181 955 4247 volueres
977 4187 1165 4252 exaratum
