2872 4876
400 510 557 556 anacam
571 511 886 576 marmanum.
1100 501 1159 561 211
1207 505 1212 518 '

372 860 533 937 LIBER
568 860 941 941 DUODEOIMUS.

581 1049 678 1115 SEO.
704 1049 731 1114 Ι.

214 1235 386 1281 namuurum
406 1238 485 1283 'IO'I'A
505 1237 602 1282 muna
621 1239 792 1284 canonum
812 1240 851 1284 EI*
872 1239 1098 1286 mannsnmuu

569 1344 743 1389 orvmnua.

168 1496 212 1543 χλ
226 1484 270 1534 5
283 1483 394 1547 ὴὲ
455 1452 545 1522 ΧΙΝ
583 1468 804 1525 convenerunt
841 1481 953 1525 omnes
996 1457 1159 1544 principes

185 1549 246 1609 Ϊῗ
319 1518 369 1610 Ο
454 1555 630 1622 Britonum
655 1558 689 1622 in
715 1559 880 1624 civitatem
904 1555 1158 1644 Legeoestriam‚

279 1650 282 1651 ⁷
315 1652 321 1653 ⁷
353 1634 410 1718 fl
453 1677 721 1740 communemque
757 1677 926 1722 assensum
960 1656 1157 1730 habueruut,

318 1796 321 1799 -
391 1800 395 1811 2
452 1762 491 1818 ut
529 1754 723 1819 Caduanum
759 1755 905 1820 facerent
935 1755 998 1820 sibi
1033 1775 1157 1839 regem,

452 1853 586 1937 ipsoque
602 1854 684 1918 duce
700 1853 923 1920 Ethelfridum
938 1855 1027 1917 ultra
1049 1851 1157 1916 Hum-

452 1950 550 2015 brum
588 1960 874 2036 persequerentur.
932 1951 1159 2037 Insignitoque
1231 2001 1240 2010 .,

152 2046 206 2111 illo
227 2048 320 2133 regni
347 2048 539 2126 diademate,
568 2051 714 2134 undique
740 2050 939 2116 confluentes
967 2049 1158 2115 Humbrum

151 2147 392 2230 praeterierunt.
440 2147 589 2232 Cumque
603 2148 638 2211 id
655 2147 842 2213 Ethelfrido
857 2148 1048 2213 nunciatum
1057 2156 1156 2225 esset,

151 2245 326 2310 associavit
341 2245 403 2310 sibi
417 2267 529 2310 omnes
544 2267 640 2332 reges
656 2246 833 2322 Saxonum,
850 2245 1026 2330 obviusque
1048 2245 1157 2310 Cadu-

152 2365 213 2408 ano
229 2345 385 2428 perrexit.
434 2343 588 2428 Denique
611 2366 684 2408 cum
699 2352 847 2408 catervas
864 2365 939 2408 suas
961 2344 996 2407 in
1018 2352 1158 2428 utraque

151 2451 245 2524 parte
272 2451 465 2519 statuerent,
490 2451 651 2508 venerunt
674 2443 768 2506 amici
784 2464 907 2518 eorum,
923 2442 1047 2525 talique
1062 2452 1158 2526 pacto

151 2562 264 2625 pacem
279 2542 365 2606 inter
388 2563 443 2606 eos
465 2541 636 2606 fecerunt:
659 2550 698 2605 ut
714 2539 918 2604 Ethelfridus
933 2547 1025 2604 trans
1050 2541 1157 2606 Hum-

152 2639 267 2704 brum:
292 2639 468 2704 Caduanus
483 2662 561 2704 vero
577 2640 661 2703 citra
676 2638 866 2703 Humbrum
879 2639 1012 2703 fluvium
1023 2637 1156 2704 Britan·

152 2738 239 2802 niam
268 2738 482 2822 possiderent.
533 2736 620 2801 Oum
649 2745 760 2802 autem
787 2737 1035 2802 conventionem
1063 2759 1157 2801 suam

151 2836 319 2901 obsidibus
344 2835 559 2920 jurejurando
593 2835 850 2910 confirmassent,
881 2843 955 2898 orta
983 2843 1035 2898 est
1063 2842 1157 2899 tanta

150 2935 294 2998 amicitia
308 2935 394 2999 inter
417 2957 483 3012 eoS,
509 2943 546 2999 ut
561 2934 670 3000 omnia
696 2955 756 2997 sua
782 2933 968 2998 communia
986 2933 1154 2999 haberent.

152 3031 284 3097 Interea
294 3035 430 3119 contigit
439 3042 476 3098 ut
492 3033 627 3117 expulsa
642 3033 774 3117 propria
791 3033 927 3118 conjuge
949 3031 1156 3098 Ethelfridus

151 3133 248 3196 aliam
264 3132 416 3198 duceret:
440 3134 671 3217 expulsumque
682 3140 775 3196 tanto
790 3133 925 3196 haberet
941 3132 1025 3208 odio,
1037 3141 1075 3196 ut
1084 3155 1157 3196 eam

150 3253 191 3296 ex
227 3253 331 3317 regno
368 3231 677 3296 Northanhumbriae
715 3231 900 3315 expelleret.
958 3229 1064 3294 Porro
1101 3231 1157 3296 illa

150 3352 289 3415 puerum
315 3331 350 3394 in
378 3339 473 3395 utero
510 3331 634 3395 habens
662 3347 774 3414 regem
808 3328 1002 3393 Oaduanum
1031 3330 1155 3394 adivit:

150 3450 248 3493 orans
275 3437 312 3492 ut
336 3430 406 3513 ejus
436 3428 675 3492 interventione
697 3427 815 3490 marito
841 3447 901 3490 suo
923 3427 1152 3510 resociaretur.

153 3525 303 3611 Cumque
313 3527 347 3590 id
356 3529 396 3591 ab
408 3526 592 3591 Ethelfrido
603 3527 783 3589 nullatenus
793 3523 962 3608 impetrari
972 3525 1153 3609 potuisset:

151 3628 308 3691 remansit
330 3627 385 3690 illa
410 3627 444 3688 in
468 3625 611 3688 thalamo
638 3623 796 3698 Oaduani,
823 3623 925 3687 donec
948 3623 1017 3687 dies
1040 3631 1154 3706 partus

150 3724 252 3788 filium
268 3747 363 3809 quem
384 3731 574 3807 conceperat
597 3723 632 3786 in
656 3721 813 3785 mundum
832 3721 998 3805 produxit.
1045 3719 1154 3785 Natus

151 3832 202 3888 est
213 3824 312 3888 etiam
326 3823 422 3907 paulo
438 3830 513 3906 post
530 3820 685 3885 Oaduano
708 3820 778 3904 regi
793 3819 879 3882 filius
896 3819 1064 3904 exregina
1078 3841 1154 3882 oon-

147 3921 228 4008 juge
252 3943 332 3986 sua:
354 3943 431 3986 nam
457 3928 491 3985 et
519 3921 574 3984 illa
598 3918 711 3983 eodem
736 3927 883 4001 tempore
907 3918 1045 4002 gravida
1066 3917 1155 3982 facta

151 4019 267 4096 fuerat,
293 4021 368 4084 exin
383 4019 499 4084 nutriti
515 4027 591 4084 sunt
606 4017 709 4102 pueri,
726 4024 763 4079 ut
787 4015 914 4100 regium
939 4036 1043 4099 genus
1062 4015 1155 4081 deee-

151 4117 217 4194 bat,
233 4140 372 4202 quorum
386 4121 469 4184 alter
493 4118 643 4184 videlicet
660 4114 817 4179 Oaduallo
831 4121 1047 4197 nuncupatur,
1071 4115 1155 4179 alter

154 4238 232 4282 vero
255 4217 422 4284 Edwinus.
470 4219 602 4282 Interea
616 4237 690 4281 cum
709 4213 913 4299 progressior
929 4221 1008 4276 aetas
1023 4213 1111 4298 ipsos
1122 4213 1156 4277 in

961 4336 980 4376 r
1003 4312 1024 4376 2
