2872 4876
329 422 486 478 ualuas.
509 422 701 476 manorum
723 425 795 476 nm.
812 429 844 475 v.
1070 405 1113 479 47

106 585 213 651 erunt
236 577 387 651 missum
418 577 463 650 ad
488 601 608 666 regem
638 577 838 665 Octavium,
874 582 918 650 ut
946 575 1117 650 mandata

108 678 286 766 Gratiani,
323 685 361 751 et
392 677 639 751 Valentiniani
673 677 787 750 eidem
817 676 959 750 diceret.
1016 675 1117 750 Tunc

107 777 293 850 Conanus:
318 777 412 865 Quid
426 784 532 850 tanta
546 777 741 849 multitudo
752 775 940 861 sequitur?
956 801 1026 849 non
1040 776 1117 849 haec
1244 849 1248 858 ,

105 876 214 949 facies
223 877 433 965 legatorum,
446 875 508 949 sed
518 875 687 948 hostium.
734 875 834 946 Tunc
843 873 1041 948 Mauricius
1053 874 1115 963 ait,

106 1000 177 1046 non
193 975 341 1047 decebat
355 982 500 1047 tantum
517 974 636 1047 virum
652 974 843 1062 inglorium
858 973 1020 1046 incedere
1040 973 1117 1046 sine

107 1073 420 1161 commilitonibus
431 1073 627 1161 prasertim
637 1076 681 1146 ob
689 1073 887 1160 potentiam
897 1072 1118 1159 Romanam

107 1181 143 1246 et
159 1181 262 1246 actus
278 1198 425 1246 avorum
441 1198 598 1260 suorum,
611 1173 745 1245 nemini
756 1173 815 1245 hic
827 1172 1022 1259 nocuimus,
1037 1195 1118 1258 pro-

3 1341 7 1372 ,
106 1273 186 1359 pria
199 1272 350 1359 pecuuia
362 1272 514 1345 emimus
524 1273 733 1346 necessaria.
758 1271 849 1345 Cum
864 1278 1117 1358 autempacem

106 1371 244 1444 ferrent
254 1371 312 1444 vel
320 1371 466 1459 bellum,
479 1370 645 1452 Gonanus
658 1372 874 1460 ambigeret3
895 1369 970 1442 dux
981 1369 1118 1443 Comu-

107 1470 174 1542 bise
190 1470 341 1543 accessit
356 1468 570 1559 Garadoeus‚
585 1470 796 1544 dissuadens
809 1470 944 1543 bellum
956 1467 1117 1543 Maximo

107 1567 249 1656 inferre,
265 1568 433 1654 quoniam
448 1570 584 1644 amicus
599 1570 766 1643 venisset.
904 1608 908 1612 ·

188 1844 232 1857 Ρ,
275 1834 316 1867 ὲ
398 1787 625 1843 unuaouunu
667 1767 869 1842 Garadocus
914 1766 1117 1842 Maximum

142 1874 143 1883 ’
294 1870 336 1906 '³³
398 1892 518 1942 secum
553 1866 755 1941 Loudonias
788 1874 972 1953 assumpto
1008 1867 1118 1941 etiam

2 1919 12 2153 Ι
131 1964 132 1969 ’
208 1958 269 2031 tris.
282 2010 287 2035 ,Ι

132 2164 135 2173 a
224 2118 242 2149 'ii
273 2092 287 2155 *⁵

398 1967 585 2055 Mauricio,
601 1965 646 2040 ad
660 1989 780 2054 regem
796 1964 957 2054 adduxit,
981 1974 1019 2040 et
1040 1991 1117 2040 rem

255 2154 259 2159 Δ
397 2092 443 2141 ex
458 2067 579 2141 ordine
604 2065 754 2154 aperuit,
786 2064 932 2138 semotis
953 2066 1117 2139 omnibus

218 2158 285 2243 [2
296 2208 335 2253 g
398 2166 489 2254 aliis,
508 2165 646 2237 dicens:
670 2163 696 2237 J
699 2161 826 2235 ussisti
840 2187 1002 2249 proceres
1017 2164 1118 2253 regni

144 2268 147 2287 ¹
181 2260 280 2285 ’ὦ
319 2270 335 2298 ⁸
398 2263 580 2339 conaulere
595 2263 639 2336 de
653 2285 771 2349 regno,
788 2267 826 2332 et
841 2260 883 2334 de
898 2261 975 2334 filia
988 2270 1063 2351 tua,
1079 2263 1117 2336 in

108 2362 695 2454 seniotuoutpaxessetinregno.
719 2359 817 2432 Huic
827 2359 1004 2434 neminem
1015 2368 1117 2449 potes

106 2491 328 2555 praeponere:
352 2491 398 2540 ex
413 2461 583 2552 sanguine
595 2467 719 2533 nostro
733 2466 799 2546 est,
816 2465 853 2530 et
869 2459 1039 2548 sanguine
1061 2467 1118 2534 est

109 2563 357 2639 Romanorum
372 2564 639 2650 imperatorum,
649 2582 758 2646 nepos
769 2556 868 2630 Coeli
881 2559 997 2632 nostri
1012 2559 1116 2649 regis,

106 2665 212 2752 cujus
228 2663 341 2737 filiam
356 2662 536 2737 Helenam
550 2658 776 2747 nequivimus
792 2659 965 2746 abnegare
980 2659 1119 2733 heredi·

106 2763 202 2835 tario
212 2763 296 2850 jure
312 2786 461 2850 regnum
475 2758 575 2833 istud
589 2757 779 2846 possidere.
825 2757 962 2846 Quibus
973 2783 1119 2845 persua-

108 2885 170 2934 sus
185 2885 260 2950 rex,
271 2860 371 2934 dedit
385 2860 497 2933 filiam
510 2883 591 2932 cum
606 2855 845 2944 assignatione
856 2856 1005 2944 imperii.
1051 2856 1119 2931 Co·

106 2985 222 3034 uanus
239 2967 360 3033 autem
371 2959 486 3033 iratus
498 2958 536 3031 in
548 2956 742 3030 Albaniam
752 2955 909 3044 secessit,
919 2956 1117 3030 exercitum

105 3066 368 3145 paranscontra
378 3057 597 3132 Garadoeum
609 3057 734 3128 ducem
744 3054 945 3128 cornubie:
959 3056 1118 3131 Humbri

107 3157 267 3230 fluminis
284 3157 401 3230 vicina
411 3157 531 3231 omnia
545 3156 790 3244 depopulatur.
837 3153 1020 3229 Maximus
1036 3182 1117 3229 eum

107 3255 1117 3346 idaudiisset,faetoexereituobviat,superatque:tamen

103 3356 241 3430 ,iterum
258 3355 424 3429 Conanus
440 3355 559 3443 copias
575 3353 709 3441 refecit,
724 3353 774 3426 sie
791 3377 882 3440 sape
899 3354 991 3427 alter
1006 3357 1051 3427 ab
1067 3355 1118 3427 al-

0 3468 1 3471 ’
107 3453 939 3543 terovieti,doneeprocerespacemtractarunt.
986 3453 1118 3528 Postea

108 3557 153 3628 ob
166 3553 435 3627 multitudinem
451 3553 530 3627 auri
549 3551 755 3640 superbiens
779 3551 972 3641 Maximus,
991 3561 1119 3640 parata

107 3655 221 3726 classe
237 3653 476 3740 quinquennio
490 3660 572 3740 post
585 3652 665 3724 vult
680 3651 818 3725 Gallias
840 3675 1017 3740 superare,
1037 3678 1118 3725 cum

107 3778 235 3841 parum
252 3752 441 3825 Britannia
456 3752 489 3825 ei
509 3752 699 3838 videretur,
719 3751 844 3823 deinde
854 3776 935 3824 cum
946 3753 1119 3826 transfre-

0 3915 1 3920 ,
107 3859 224 3924 tasset
238 3850 353 3938 primo
365 3858 490 3924 eontra
501 3851 730 3923 Armorieum
745 3874 904 3938 regnum,
920 3850 1013 3936 quod
1023 3877 1118 3925 nune

109 3952 226 4024 minor
242 3950 432 4024 Britannia
456 3950 597 4037 dieitur,
613 3950 747 4022 bellum
762 3957 892 4038 movet,
912 3948 1033 4036 ibique
1057 3975 1119 4036 po-

109 4051 235 4139 pulum
254 4049 475 4125 Francorum
490 4050 667 4124 debellare
689 4051 805 4138 coepit.
850 4048 981 4123 Franci
997 4057 1118 4123 autem
