2848 4888
393 478 551 522 meroris
572 477 646 522 uss.
662 478 744 522 nnn.
765 476 829 522 ure.
850 475 894 518 vr.
1105 457 1144 520 95

159 707 177 789 ᾗ
198 709 236 780 2,
249 725 389 772 somme
409 724 612 778 mensurnus,
633 723 846 770 remansurus
867 723 957 768 cirus
978 722 1063 776 suos,
1085 722 1124 764 ur

322 817 385 860 mss
407 817 442 860 sa
463 817 560 861 saure
580 817 775 873 numeneus,
797 816 968 860 nosceres.

146 960 157 1005 ᾗ,
180 937 408 1009 -ἐῑᾶ-ἰςρλςτωιχ·
444 915 608 984 ΟΜΑΝΙ
645 917 749 1002 igitur
784 917 899 1002 patrie
937 914 1145 991 denunciant,

153 1005 259 1105 §aa
272 1006 307 1061 {22¹
337 994 407 1076 Ἦ
443 1037 651 1101 nequaquam
673 1036 710 1081 ss
732 1022 803 1080 tam
825 1013 997 1080 laboriosis
1015 1013 1148 1100 expedi·

149 1090 188 1181 'itss'
232 1084 407 1207 ⁰2⁴5&
443 1115 588 1182 tionibus
608 1134 705 1199 posse
728 1113 935 1197 frequentius
956 1112 1091 1178 vexari:
1114 1119 1149 1179 et

150 1248 188 1311 3
230 1191 407 1321 »32⁴3
444 1214 487 1279 ob
515 1215 662 1280 imbelles
694 1221 730 1278 et
758 1213 916 1278 erraticos
946 1211 1148 1278 latrunculos

152 1304 337 1401 [;',·‘g{g;.·³3;,„‚
369 1308 404 1401 ιζῗζι
446 1312 598 1378 Romans
633 1313 789 1398 stigmata
817 1319 948 1376 tautum
984 1311 1149 1393 talemque

154 1454 157 1459 f
205 1402 286 1449 ⁹²⁴
324 1394 398 1455 Ψ
446 1412 625 1477 exercitum
644 1418 736 1476 terra
754 1431 793 1475 sc
812 1408 896 1474 mari
915 1408 1068 1494 fatigari:
1091 1408 1149 1474 sed

137 1516 180 1572 ut
200 1508 308 1590 potius
326 1508 432 1576 solitis
454 1509 700 1590 consuescendo
717 1508 817 1572 ermis
831 1528 870 1572 ac
892 1507 1029 1572 viriliter
1055 1507 1148 1572 dimi·

137 1607 243 1669 cando
263 1614 399 1683 terram,
421 1608 648 1683 substantiam,
669 1607 837 1691 conjuges,
857 1606 989 1682 liberos,
1011 1613 1045 1670 et
1060 1605 1149 1688 quod

138 1704 180 1766 iis
195 1704 302 1786 majus
318 1713 379 1780 est,
399 1706 587 1770 libertatem
606 1706 772 1790 vitamque
792 1705 871 1769 totis
892 1704 1017 1769 viribus
1037 1702 1149 1768 defen-

137 1802 265 1866 derent.
303 1800 353 1866 Ut
364 1823 443 1889 ergo
454 1805 538 1868 hanc
547 1804 803 1869 admonitionem
812 1804 969 1879 facerent,
976 1803 1149 1887 jusserunt

138 1900 315 1968 convenire
344 1922 457 1967 omnes
487 1903 658 1968 bellicosos
684 1904 773 1968 viros
798 1903 914 1968 insula
942 1902 1031 1966 intre
1060 1899 1149 1966 Lon·

139 1999 293 2066 doniam:
321 2019 398 2064 nam
428 1999 571 2066 Romani
600 2003 759 2086 repedans
787 2003 1015 2070 moliebantur.
1063 1999 1150 2067 Cum

138 2105 251 2165 autem
266 2097 496 2164 convenissent
515 2099 635 2175 cuncti,
652 2100 843 2164 commissus
859 2107 910 2164 est
930 2120 1038 2168 sermo
1058 2095 1150 2164 Gue-

139 2196 267 2265 menno
286 2193 509 2262 Londoniensi
534 2195 803 2282 Metropolitano,
829 2198 887 2281 qui
912 2197 1001 2281 ipsos
1024 2196 1059 2262 in
1080 2195 1151 2260 haec

140 2296 244 2363 verba
267 2293 388 2361 adivit:
422 2303 442 2332 “
455 2295 540 2362 Cum
561 2317 621 2362 vos
642 2296 740 2381 jussu
765 2296 945 2362 astantium
970 2293 1153 2382 principum

140 2393 264 2476 alioqui
287 2391 451 2468 deberem,
478 2394 582 2480 magis
608 2395 642 2460 in
666 2395 780 2460 fletum
802 2415 1018 2479 prorumpere
1041 2413 1150 2478 cogor,

144 2513 244 2574 quam
259 2491 293 2556 in
311 2491 476 2558 excelsum
490 2513 694 2560 sermonem:
717 2493 851 2558 miseret
866 2493 953 2557 enim
967 2513 1020 2557 me
1035 2491 1152 2574 orpha-

143 2591 259 2658 nitetis
287 2597 322 2656 et
349 2591 533 2669 debilitatis,
573 2615 646 2676 qum
671 2593 763 2658 vobis
797 2593 941 2668 accessit,
978 2600 1153 2675 postquam

146 2687 368 2754 Maximianus
383 2711 522 2774 regnum
542 2692 632 2758 istud
646 2692 735 2756 omni
748 2689 851 2754 milite
866 2691 1019 2773 omnique
1035 2689 1153 2773 juven-

146 2796 219 2854 tute
236 2787 399 2871 spoliavit.
446 2787 514 2853 Vos
529 2798 642 2854 sutem
657 2789 805 2873 reliquias
820 2788 942 2854 eratis:
965 2788 1057 2872 plebs
1072 2806 1153 2852 usus

146 2886 222 2952 belli
236 2886 360 2971 ignare,
382 2907 455 2970 quae
471 2889 590 2952 ceteris
609 2887 760 2974 negotiis,
781 2887 869 2952 utin
888 2886 987 2952 terris
1002 2885 1154 2959 colendis,

149 2984 352 3066 diversisque
388 2985 573 3050 commercii
617 2985 908 3052 machinationibus
954 2983 1153 3048 intendebat.

151 3082 232 3150 Cum
248 3103 328 3166 ergo
344 3093 605 3168 supervenerunt
625 3085 667 3150 eb
686 3085 799 3150 alienis
819 3083 1005 3149 nationibus
1025 3084 1154 3160 inimici,

149 3184 238 3248 velut
267 3203 347 3247 cres
378 3181 448 3248 sine
477 3191 610 3266 pastore
640 3191 799 3258 errantes,
833 3203 892 3247 vos
921 3182 1018 3247 ovilia
1047 3191 1158 3248 vestre

150 3281 304 3346 deserere
339 3289 538 3366 coegerunt:
584 3281 685 3350 donec
723 3281 874 3346 Romane
916 3289 1062 3366 potestas
1099 3303 1158 3347 vos

149 3378 409 3462 possessionibus
446 3381 566 3446 vestris
598 3379 754 3444 restituit.
817 3378 934 3444 Eritne
971 3400 1050 3466 ergo
1084 3401 1157 3466 spes

151 3486 260 3545 vestre
293 3499 423 3563 semper
445 3479 480 3543 in
511 3479 616 3544 alieno
639 3479 810 3554 tutamine,
838 3486 872 3542 et
900 3499 966 3544 non
995 3480 1158 3544 instruitis

150 3597 266 3642 manus
281 3585 410 3643 vestras
426 3578 532 3661 peltis,
551 3578 694 3652 ensibus,
711 3575 813 3642 hastis
829 3577 863 3642 in
877 3577 1021 3642 latrones
1036 3599 1159 3663 nequa-

152 3695 249 3756 quem
271 3675 366 3740 vobis
386 3674 553 3752 fortiores,
574 3675 637 3740 nisi
658 3675 799 3761 segnitie
819 3683 853 3740 et
872 3683 987 3760 torpor
1006 3675 1159 3741 adesset?

154 3773 226 3838 Jam
241 3772 345 3840 tedet
357 3772 525 3840 Romanos
537 3782 606 3838 tem
621 3774 745 3840 assidui
760 3774 886 3840 itineris
904 3796 970 3858 quo
987 3783 1158 3851 vexantia,

153 3879 190 3936 ut
204 3892 265 3956 pro
280 3871 374 3938 vobis
394 3893 469 3940 cum
478 3873 627 3940 hostibus
648 3873 912 3958 congredientur.
953 3873 1049 3938 Prius
1064 3895 1161 3938 omne

154 3969 315 4036 tributum
330 3972 421 4056 quod
436 3971 560 4038 solvitis
574 3972 725 4038 emittere
739 3972 969 4058 prelegerunt,
987 3993 1086 4056 quem
1099 3974 1162 4038 hoc

155 4069 249 4132 modo
264 4069 387 4136 diutius
399 4079 490 4136 terre
505 4078 539 4136 et
553 4079 654 4155 ponto
666 4062 810 4156 fatigari.
859 4069 1000 4150 Quodsi
1015 4080 1162 4156 tempore

157 4168 294 4234 militum
319 4176 504 4234 vestrorum
528 4169 665 4234 fueratis
692 4170 821 4253 vulgus,
848 4171 970 4253 putetis
996 4171 1117 4238 idcirco
1143 4194 1164 4236 a
