2862 4870
441 495 596 539 nrsronna
618 495 691 537 aas.
708 495 788 538 surr.
805 494 866 535 ma.
881 491 923 534 lv.
1142 477 1180 536 'tl

173 733 187 813 ξ
213 735 262 790 15.
297 749 473 790 narrandus
494 747 621 790 ennunn
648 747 756 789 rursu
778 743 953 788 orrurssnn
982 731 1187 786 uararuoruo'

405 841 517 884 nucrr:
539 840 691 884 ennomus
712 841 823 882 norma
844 839 948 881 annm.

193 1006 237 1026 ἱ
251 989 427 1036 {we-,2
481 953 650 1018 MENSA
665 954 782 1018 deinde
803 955 929 1039 hyeme,
945 953 1116 1016 redierunt
1135 951 1181 1014 le·

190 1004 399 1215 ῖς.
478 1055 628 1138 geticum
637 1051 1180 1137 filiaeamquepatritradiderunt.

304 1142 313 1143 7
343 1140 351 1151 ⁷
384 1130 423 1215 l
481 1151 565 1215 Erat
588 1161 699 1216 autem
724 1173 842 1216 nomen
866 1150 980 1233 puellae
1008 1148 1182 1222 Genuissa,

207 1321 212 1336 Ι
262 1292 307 1331 ,-
349 1288 354 1289 ff
419 1278 428 1309 z
481 1259 616 1334 eratque
653 1258 747 1314 tanta
784 1250 855 1333 ejus
892 1248 1113 1333 pulchritudo,
1144 1253 1182 1310 ut

210 1380 214 1389 ¹
262 1376 265 1377 ⁷
480 1349 674 1432 aspicientes
701 1349 736 1411 in
762 1347 1012 1412 admirationem
1037 1346 1182 1410 duceret.

191 1434 238 1467 Ξ
252 1443 400 1485 '³22³
436 1453 442 1457 ’
482 1446 528 1510 Et
542 1455 581 1510 ut
596 1447 738 1510 maritali
752 1447 825 1532 lege
840 1447 992 1529 copulata
1005 1445 1183 1519 fuit,tanto

175 1543 308 1607 fervore
317 1543 436 1606 amoris
448 1543 616 1608 succendit
627 1565 739 1629 regem
748 1545 796 1608 ita
806 1552 845 1607 nt
853 1545 955 1628 ipsam
971 1544 1073 1606 solam
1088 1563 1183 1606 cunc-

176 1643 221 1705 tis
233 1642 333 1705 rebus
342 1640 524 1724 praeferret.
558 1642 656 1706 Unde
667 1643 775 1707 locum
790 1664 855 1724 quo
871 1643 901 1706 ei
912 1643 1054 1725 primum
1066 1661 1184 1724 nupse-

175 1747 231 1802 rat
242 1740 404 1803 celebrem
419 1762 491 1804 esse
502 1743 624 1816 volenS,
636 1741 801 1827 suggessit
814 1740 949 1805 Claudio
961 1748 999 1804 ut
1010 1739 1185 1804 aedificaret

176 1840 212 1902 in
232 1839 289 1902 illo
313 1839 487 1915 civitatem,
504 1862 577 1924 quae
598 1841 789 1905 memoriam
810 1848 974 1904 tantarum
997 1839 1186 1922 nuptiarum

177 1939 212 2001 in
234 1938 350 2001 futura
372 1946 521 2021 tempora
545 1940 717 2022 praeberet.
764 1937 882 2003 Paruit
908 1960 987 2023 ergo
1015 1937 1183 2012 Claudius,

176 2037 399 2121 praecepitque
413 2036 485 2101 lieri
498 2038 613 2102 urbem
628 2058 700 2120 quae
715 2037 756 2101 de
771 2037 902 2101 nomine
917 2037 988 2120 ejus
1005 2035 1185 2119 Kaerglou,

177 2135 279 2198 idest
296 2134 506 2199 Gloucestria
516 2145 704 2219 nuncupata
712 2156 818 2218 usque
827 2135 863 2197 in
877 2135 1071 2199 hodiernum
1087 2135 1183 2212 diem,

177 2233 212 2295 in
228 2233 369 2296 confinio
385 2232 547 2297 Demetiae
573 2242 607 2298 et
632 2234 784 2319 Loegriae
805 2255 902 2316 super
916 2235 1022 2318 ripam
1039 2233 1187 2297 Sabrina

177 2331 242 2395 sita
257 2340 319 2396 est.
368 2331 512 2411 Quidam
527 2354 605 2397 vero
621 2333 734 2397 dieunt
748 2334 852 2416 ipsam
867 2355 986 2397 nomen
1002 2335 1144 2399 traxisse
1166 2355 1187 2398 a

181 2430 280 2494 Gloio
295 2432 389 2506 duce,
406 2453 503 2513 quem
528 2430 686 2496 Claudius
708 2432 742 2495 in
765 2433 820 2495 illa
841 2433 1021 2517 generavit,
1038 2434 1090 2497 cui
1111 2442 1187 2518 post

176 2527 378 2614 Arviragum
412 2530 670 2614 gubernaculum
705 2528 867 2594 Demetici
903 2531 1040 2596 ducatus
1076 2533 1184 2598 cessit.

180 2626 360 2691 AEdificata
382 2627 485 2712 igitur
499 2628 592 2704 urbe,
605 2651 642 2692 ac
657 2629 826 2712 pacificata
840 2629 957 2705 insula,
974 2630 1072 2694 rediit
1090 2629 1187 2694 Olau-

180 2727 254 2790 dius
292 2725 446 2801 Romam,
482 2727 695 2810 regimenque
729 2728 977 2810 provincialium
1006 2730 1188 2793 insularum

152 2821 156 2827 ’
180 2824 346 2909 Arvirago
362 2825 517 2908 permisit.
564 2824 688 2889 Eodem
704 2835 850 2909 tempore
869 2825 987 2891 Petrus
1009 2827 1188 2912 Apostolus

180 2923 422 2988 Antiochenam
446 2923 615 2986 ecclesiam
640 2924 810 2988 fundavit:
840 2924 1046 3009 Romamque
1071 2928 1189 2993 deinde

179 3023 326 3097 veniens,
342 3021 450 3085 tenuit
465 3021 585 3085 ibidem
601 3022 842 3106 episcopatum:
865 3024 1020 3107 misitque
1036 3024 1189 3091 Marcum

183 3121 430 3205 Evangelistam
445 3120 479 3183 in
496 3119 677 3206 AEgyptum
689 3123 866 3209 praedicare
877 3123 1093 3211 Evangelium
1102 3127 1190 3212 quod

183 3220 372 3303 scripserat.

226 3479 240 3560 ξ
264 3478 312 3538 16.
334 3496 510 3538 navarreus
531 3498 657 3540 annuunt
678 3500 799 3542 cossas
819 3502 965 3546 nouenos
986 3503 1149 3546 annover:

330 3593 452 3636 sorren
473 3595 560 3646 euru
580 3597 787 3639 vnsrasmrus
808 3600 1055 3644 rnorrcrserrun.

213 3735 232 3748 ⁴
274 3772 384 3807 Ξ
425 3788 433 3799 Ξ
491 3706 519 3770 Τ
558 3707 750 3795 Arviragus‚
781 3720 817 3776 ut
853 3713 1012 3778 Claudius
1045 3717 1191 3793 recessit,

220 3820 260 3873 ί
300 3824 314 3845 ³
490 3807 585 3890 coepit
612 3829 743 3872 sensum
768 3819 801 3873 et
824 3812 1021 3894 probitatem
1047 3815 1192 3880 habere:

284 4010 327 4055 A
418 4006 441 4039 ³
491 4006 621 4089 lumque
645 4009 740 4093 regni
763 4018 857 4073 tanta
876 4011 1008 4094 justitia
1034 4035 1193 4092 coercere,

221 4124 246 4165 g:
325 4112 349 4179 j
371 4098 444 4197 J,
492 4105 540 4168 ita
566 4113 604 4167 ut
634 4106 732 4189 longe
770 4109 885 4190 positis
915 4112 1050 4194 regibus
1087 4114 1198 4177 timori

349 4204 372 4219 ‘⁷
390 4202 442 4225 “’
493 4211 590 4268 esset.
638 4203 726 4269 Hinc
736 4215 843 4271 autem
854 4211 1073 4296 subsequente
1085 4234 1198 4296 super-

192 4301 255 4378 bia,
294 4303 445 4387 despexit
480 4302 664 4366 Romanam
699 4312 904 4388 potestatem,
937 4332 1043 4394 neque
1071 4312 1198 4376 senatui
