2848 4888
273 485 331 547 126
584 501 696 548 snum.
718 499 960 546 uersurum

270 648 378 732 lupus,
389 655 423 712 et
437 667 535 712 ursus
547 647 768 734 egredientur.
815 644 997 710 Devorabit
1011 644 1124 729 vulpes
1135 651 1283 710 matrem

270 755 305 811 et
319 747 481 811 asininum
496 755 594 831 caput
613 745 768 832 gestabit.
806 743 964 810 Monstro
977 744 1078 830 igitur
1094 751 1280 827 assumpto,

268 846 408 910 terrebit
431 846 552 910 fratres
572 865 660 921 suos,
682 845 835 929 ipsosque
856 845 891 907 in
910 843 1103 908 Neustriam
1133 842 1278 928 fugabit.

270 944 318 1009 At
332 944 395 1028 ipsi
410 945 599 1010 excitabunt
614 963 730 1027 aprum
751 943 924 1008 dentosum
944 943 979 1006 in
998 943 1063 1020 illa,
1091 953 1125 1008 et
1144 941 1281 1026 navigio

268 1043 391 1107 revecti
406 1065 481 1107 eum
495 1044 593 1127 vulpe
607 1041 870 1128 congredientur.
916 1041 1001 1122 Quae
1021 1063 1095 1107 cum
1109 1049 1282 1106 certamen

268 1141 390 1217 inierit,
421 1141 524 1226 linget
554 1163 590 1206 se
620 1141 818 1218 defunctam,
849 1151 883 1206 et
908 1163 1026 1226 aprum
1055 1142 1091 1205 in
1119 1141 1279 1224 pietatem

267 1242 421 1306 movebit.
469 1239 553 1304 Mox
568 1241 671 1304 adibit
685 1242 755 1325 ipse
766 1241 914 1318 cadaver,
930 1251 964 1306 et
973 1243 1052 1306 dum
1064 1237 1276 1324 superstabit‚

268 1340 434 1406 anhelabit
449 1340 484 1403 in
500 1341 610 1404 oculos
631 1339 704 1423 ejus
723 1349 757 1404 et
771 1341 898 1406 faciem.
944 1341 992 1406 At
1006 1342 1079 1425 ipsa
1091 1362 1158 1404 non
1173 1337 1278 1403 oblitu

266 1439 425 1522 praeteriti
442 1437 518 1514 doli,
534 1438 698 1503 mordebit
713 1439 883 1504 sinistrum
892 1440 1009 1524 pedem
1020 1439 1134 1523 ipsius,
1150 1445 1275 1502 totum-

267 1559 332 1622 que
347 1559 535 1622 excerpere
550 1537 675 1602 evellet.
726 1538 820 1602 Saltu
840 1559 971 1623 quoqne
992 1538 1090 1613 facto,
1111 1536 1229 1620 eripiet
1243 1535 1277 1600 ei

266 1636 416 1701 dextram
432 1657 545 1700 aurem
560 1643 594 1700 et
609 1635 755 1711 caudam,
781 1644 815 1701 et
829 1637 918 1700 intra
932 1657 1088 1701 cavernas
1110 1635 1274 1698 montium

267 1734 423 1799 delitebit.
470 1733 560 1818 Aper
575 1755 655 1818 ergo
669 1734 795 1810 illusus,
812 1735 959 1818 requiret
972 1735 1086 1818 lupum
1098 1741 1132 1798 et
1146 1754 1271 1808 ursum,

265 1841 304 1896 ut
341 1832 371 1896 ei
408 1832 528 1896 amissa
556 1831 703 1896 membra
731 1831 918 1896 restituant.
966 1831 1034 1912 Qui
1070 1840 1109 1895 ut
1139 1851 1271 1895 causmn

265 1931 409 2006 inierint,
437 1930 629 2014 promittent
649 1929 680 1994 ei
701 1929 783 1995 duos
805 1931 904 2014 pedes
924 1931 1041 2014 vulpis,
1063 1938 1097 1994 et
1119 1943 1217 1994 aures
1238 1937 1272 1994 et

265 2029 412 2104 caudam,
447 2037 480 2092 et
516 2049 557 2092 ex
594 2029 673 2112 ipsis
710 2029 845 2112 porcina
880 2029 1027 2092 membra
1063 2036 1269 2111 component

265 2125 463 2211 Aequiescet
477 2127 558 2210 ipse,
579 2127 840 2211 promissamque
860 2125 1135 2192 restaurationem
1155 2147 1270 2210 expec-

264 2225 357 2289 tabit
405 2224 542 2289 Interim
563 2225 739 2290 descendet
757 2227 871 2309 vulpes
892 2225 932 2288 de
946 2225 1123 2301 montibus,
1145 2233 1179 2288 et
1197 2243 1270 2288 sese

265 2323 300 2388 in
322 2324 436 2406 lupum
456 2323 606 2399 mutabit,
629 2331 663 2388 et
682 2323 777 2407 quasi
801 2323 999 2407 colloquium
1014 2322 1170 2390 habitura
1194 2343 1271 2386 curn

263 2442 354 2506 apro,
375 2421 479 2487 adibit
501 2421 603 2495 illum,
632 2430 666 2486 et
686 2422 800 2486 callide
822 2421 930 2506 ipsum
955 2428 1063 2485 totum
1084 2420 1268 2486 devorabit.

265 2520 354 2584 Exin
368 2529 570 2586 transvertet
585 2540 656 2584 sese
670 2520 706 2584 in
720 2541 847 2604 aprum,
870 2527 903 2584 et
918 2519 1012 2602 quasi
1028 2520 1096 2584 sine
1111 2519 1270 2584 membris

263 2621 448 2703 expectabit
462 2640 657 2706 germanos:
681 2619 738 2684 sed
759 2627 792 2684 st
812 2619 911 2703 ipsos,
933 2625 1109 2702 postquam
1128 2619 1270 2684 advene-

262 2716 340 2792 rint,
357 2718 467 2782 subito
482 2718 580 2782 dente
602 2717 786 2792 interficiet,
807 2724 907 2800 atque
927 2715 1034 2799 eapite
1054 2715 1158 2779 leonis
1174 2737 1269 2780 caro-

262 2816 405 2881 nabitur.
453 2816 492 2880 In
523 2817 638 2881 diebus
662 2817 734 2901 ejus
759 2825 915 2887 nascatur
940 2835 1084 2899 serpens,
1108 2815 1166 2897 qui
1194 2817 1268 2880 neci

261 2915 447 2979 mortalium
460 2915 652 2980 imminebit.
703 2915 924 3001 Longitudine
940 2935 1000 2978 sua
1014 2913 1165 2978 circuibit
1176 2912 1268 2977 Lon·
1338 2913 1341 2916 ’

261 3011 403 3087 doniam,
442 3021 477 3076 et
513 3033 662 3098 quosque
698 3021 934 3097 pretereuntes
971 3012 1149 3076 devorabit.
1197 3011 1267 3078 Bos

260 3116 435 3174 montanus
472 3119 569 3193 caput
605 3111 674 3195 lupi
710 3123 864 3187 assumet,
902 3111 1082 3193 dentesque
1118 3130 1195 3174 suos
1232 3110 1267 3173 in

261 3207 400 3271 Fabrica
437 3208 584 3274 Sabrina
619 3210 791 3274 dealbabit.
837 3208 1023 3274 Associabit
1060 3208 1121 3272 sibi
1146 3229 1265 3294 greges

260 3304 465 3371 Albanorum
509 3315 543 3372 et
585 3308 747 3373 Gambriae
792 3307 848 3392 qui
895 3306 1089 3372 Tamensem
1127 3306 1264 3371 fluvium

153 3418 155 3422 ’
258 3406 402 3490 potando
439 3406 614 3470 siccabunt.
660 3405 798 3470 Vocabit
835 3405 945 3469 asinus
972 3405 1100 3468 hircum
1129 3404 1265 3488 prolixa

258 3504 377 3579 barba,
415 3511 448 3567 et
484 3503 625 3568 formam
661 3503 762 3588 ipsius
799 3503 973 3568 mutuabit.
1032 3502 1264 3587 Indigrmbitur

257 3602 360 3687 igitur
383 3610 568 3677 montanus
593 3611 773 3686 vocatoque
798 3603 886 3685 lupo,
908 3609 1064 3665 cornutus
1087 3609 1204 3665 taurus
1228 3603 1263 3665 in

257 3702 345 3785 ipsos
381 3701 447 3766 fiet.
496 3699 544 3764 Ut
573 3709 683 3765 autem
710 3700 842 3764 saevitiae
878 3700 1060 3775 indulserit,
1092 3699 1263 3764 devorabit

257 3819 371 3863 carnes
386 3821 500 3863 eorum
516 3806 549 3862 et
570 3819 654 3874 ossa,
677 3798 789 3862 sedin
812 3798 976 3861 cacumine
999 3796 1115 3861 Uriani
1136 3819 1261 3863 erema-

255 3897 365 3962 bitur:
388 3897 509 3962 favilla
522 3897 594 3982 rogi
614 3897 830 3973 mutabuntur
849 3896 883 3959 in
899 3917 1030 3981 cygnos,
1052 3897 1110 3980 qui
1125 3895 1160 3959 in
1175 3897 1260 3962 sicco

256 3997 349 4078 quasi
386 3996 420 4058 in
452 3995 585 4058 flumine
613 3995 784 4058 natabunt.
831 3993 1048 4058 Devorabunt
1084 3995 1188 4078 pisces
1224 3996 1261 4059 in

255 4093 416 4176 piscibus:
440 4101 473 4156 et
487 4093 633 4156 homines
648 4092 682 4155 in
696 4091 881 4155 hominibus
896 4091 1088 4176 deglutient.
1137 4091 1261 4176 Super-

254 4190 405 4255 veniente
442 4212 520 4255 vero
551 4199 728 4265 senectute,
759 4191 938 4255 efficientur
968 4190 1148 4256 submarini
1177 4192 1259 4276 lupi,
