2848 4888
398 481 555 525 marorum
569 481 643 525 nra.
658 481 741 524 eurr.
752 480 814 526 une.
829 480 872 524 rx.
1077 460 1135 525 175

131 626 337 710 temporibus
351 625 537 691 habuerunt
550 649 564 715 :¹
581 625 728 711 neglecto
748 624 834 688 tanti
857 622 981 688 ordinis
1000 622 1136 706 imperio

134 725 283 790 detinere
319 725 576 809 presumpsisti:
622 723 770 808 eripuisti
807 743 936 807 quoque
974 719 1135 787 Galliam:

133 823 283 906 eripuisti
320 819 536 906 Allobrogum
572 821 793 905 provincmm:
834 818 988 907 eripuisti
1025 839 1137 884 omnes

136 919 263 986 Oceani
277 921 423 986 insulas:
446 941 585 1003 quarum
600 940 705 1006 reges,
728 919 806 984 dum
822 917 974 984 Romana
991 925 1137 1001 potestas

134 1019 168 1084 in
183 1019 250 1084 illis
276 1018 424 1103 partibus
450 1019 632 1102 praevaluit,
659 1018 798 1104 vectigal
812 1017 991 1101 majoribus
1016 1016 1138 1081 nostris

134 1118 361 1182 reddiderunt.
410 1115 499 1196 Quia
513 1138 592 1202 ergo
612 1116 773 1182 detentis
793 1116 987 1200 injuriarum
1005 1122 1139 1180 tuarum

134 1215 273 1280 cumulis
294 1222 427 1278 senatus
446 1214 677 1280 rectitudinem
696 1223 808 1299 petere
824 1213 977 1288 decrerit,
997 1213 1141 1280 median·

133 1320 201 1379 tem
232 1311 422 1398 Augustum
459 1312 600 1396 proximi
636 1312 713 1376 anni
745 1311 921 1375 terminum
957 1311 1138 1400 praefigens,

135 1409 278 1474 Romam
292 1419 327 1474 te
347 1410 458 1475 venire
473 1410 596 1493 jubeo:
620 1418 658 1474 ut
680 1409 819 1474 dominis
838 1410 905 1476 tuis
926 1409 1139 1487 satisfaciens,

136 1509 307 1573 sententia
338 1529 436 1592 quam
466 1530 580 1574 eorum
610 1506 745 1572 dictavit
770 1508 911 1592 justitia,
941 1507 1137 1592 acquiescas.

137 1605 196 1670 Sin
223 1614 344 1681 autem,
370 1627 430 1691 ego
450 1607 520 1690 ipse
544 1615 654 1689 partes
683 1612 758 1670 tuas
785 1606 891 1678 adibo,
923 1613 956 1669 et
985 1605 1141 1690 quicquid

135 1705 270 1769 vesania
297 1713 357 1768 tua
393 1701 593 1789 Reipublicae
631 1704 761 1787 eripuit,
792 1704 894 1767 eidem
923 1705 1140 1770 mediantibus

134 1802 254 1888 gladiis
262 1803 438 1866 restituere
447 1803 620 1867 conabor.”
657 1801 787 1881 Quaeut
797 1802 1015 1885 inpraesentia
1025 1825 1141 1889 regum

136 1908 170 1964 et
192 1901 363 1964 consulum
388 1901 532 1965 recitatae
555 1900 712 1965 fuerunt:
736 1900 870 1963 secessit
895 1897 1041 1964 Arturus
1067 1924 1141 1966 cum

136 1998 234 2062 eisin
256 1998 443 2084 giganteam
463 1998 592 2073 turrim,
614 2019 686 2080 quae
701 1997 735 2060 in
758 1997 897 2061 introitu
912 2006 994 2072 erat,
1021 2006 1141 2064 tracta-

136 2104 233 2160 turus
250 2117 323 2180 quae
337 2105 453 2161 contra
471 2097 551 2161 talia
564 2096 719 2160 mandata
739 2095 867 2179 disponi
882 2095 1048 2160 deberent.
1094 2097 1142 2162 At

137 2194 216 2258 dum
230 2195 354 2279 gradus
373 2195 549 2260 ascendere
567 2194 774 2278 incepissent,
792 2193 901 2258 Oador
922 2195 988 2257 dux
1015 2194 1141 2261 Cornu-

136 2292 209 2368 biae,
227 2300 265 2356 ut
280 2300 352 2356 erat
371 2292 439 2356 laeti
463 2292 571 2367 animi,
593 2292 627 2355 in
650 2293 737 2356 hunc
764 2313 945 2356 samonem
972 2314 1046 2356 cum
1071 2294 1142 2360 risu

93 2409 97 2416 ·
137 2411 247 2455 coram
262 2412 341 2476 rege
361 2392 487 2456 solutus
508 2398 579 2456 est:
604 2389 786 2474 Hucusque
811 2392 845 2453 in
863 2391 982 2456 timore
1002 2392 1139 2470 fueram,

137 2509 178 2551 ne
199 2487 354 2552 Britones
379 2489 477 2574 longa
502 2509 581 2571 pace
607 2488 746 2572 quietos,
772 2489 880 2564 ,otium
905 2490 993 2573 quod
1019 2490 1142 2555 ducunt

137 2586 274 2672 ignavos
289 2586 432 2650 faceret:
455 2585 639 2669 famamque
658 2586 792 2661 militiae,
814 2607 880 2669 qua
900 2588 1016 2652 ceteris
1035 2588 1141 2672 genti-

137 2684 197 2748 bus
213 2684 366 2747 clariores
381 2692 565 2759 censentur,
577 2683 612 2748 in
627 2685 674 2748 eis
686 2685 817 2749 omnino
832 2685 964 2750 deleret.
1011 2684 1143 2771 Quippe

139 2783 195 2846 ubi
229 2803 309 2846 usus
344 2802 510 2845 armorum
544 2781 674 2846 videtur
710 2784 844 2857 abesse;
885 2784 1029 2850 alearum
1063 2806 1142 2849 vero

139 2888 172 2942 et
194 2879 369 2942 mulierum
397 2879 677 2953 inflammationes,
705 2887 877 2962 ceteraque
907 2880 1144 2948 oblectamenta

139 2977 271 3041 adesse:
295 2976 511 3040 dubitandum
523 2984 660 3051 nonest,
678 2977 755 3059 quin
771 2977 805 3039 id
820 2977 908 3060 quod
919 2987 990 3043 erat
1001 2978 1142 3057 virtutis,

141 3075 228 3159 quod
264 3074 408 3150 honoris,
445 3075 533 3157 quod
569 3074 720 3148 audacia,
757 3075 842 3157 quod
878 3074 982 3151 famae,
1014 3078 1144 3162 ignavia

141 3172 359 3236 commaculet.
412 3169 495 3235 Fere
524 3192 663 3255 namque
692 3172 850 3236 transacti
888 3183 964 3236 sunt
1000 3175 1145 3260 quinque

142 3273 227 3346 anni,
251 3293 293 3336 ex
314 3291 378 3354 quo
398 3269 563 3353 praedictis
584 3270 703 3334 delitiis
724 3270 824 3334 dediti
844 3272 999 3336 exercitio
1020 3271 1143 3337 Martis

142 3371 316 3435 caruimus,
363 3366 457 3431 Deus
494 3367 595 3452 igitur
632 3376 670 3432 ut
706 3389 765 3431 nos
803 3369 942 3454 segnitia
977 3370 1142 3446 liberaret,

143 3467 311 3531 Romanos
331 3467 365 3529 in
391 3466 478 3529 hunc
501 3465 654 3529 affectum
678 3466 818 3541 induxit,
843 3474 881 3530 ut
910 3468 943 3530 in
968 3467 1143 3550 pristinum
1217 3479 1225 3495 ⁸

143 3573 264 3630 statum
287 3572 434 3628 nostram
455 3563 652 3646 probitatem
677 3564 880 3629 reducerent.
928 3563 1010 3630 Haec
1033 3575 1067 3631 et
1092 3568 1143 3632 his

144 3665 260 3728 similia
283 3663 337 3725 illo
362 3683 436 3724 cum
461 3662 578 3724 ceteris
599 3661 735 3736 dicente,
763 3672 922 3726 venerunt
947 3664 1079 3727 tandem
1102 3665 1145 3728 ad

144 3763 266 3838 sedilia,
292 3760 348 3822 ubi
371 3759 534 3823 collocatis
559 3759 704 3846 singulis,
731 3760 877 3824 Arturus
901 3761 974 3824 illos
1002 3762 1035 3826 in
1058 3764 1146 3828 hunc

144 3861 277 3925 modum
291 3857 410 3920 affatus
426 3865 486 3921 est.
