2872 4876
319 390 361 462 18
643 407 796 462 renum
826 408 1007 462 vmuuuu

320 561 391 634 ime
406 560 625 634 observavit:
647 560 687 634 in
701 561 780 649 ejus
795 560 920 637 diebus
934 567 993 635 tot
1007 586 1049 635 ae
1062 569 1176 636 tantae
1192 559 1334 636 divitiae

320 659 477 748 fuerunt,
493 667 645 747 quantas
660 659 791 734 viderit
804 686 986 748 nunquam
995 661 1071 734 ulla
1085 668 1184 734 aetas.
1230 660 1337 733 Mor-

321 765 408 830 tuus
431 766 551 831 autem
574 762 780 833 combustus
803 767 870 848 est,
893 768 931 833 et
952 761 1041 833 cinis
1063 760 1101 832 in
1117 784 1226 832 aureo
1242 759 1335 832 cado

320 856 696 932 reconditusinturris
707 858 888 932 cacumine
899 865 1010 945 portae
1019 859 1210 948 praedictae,
1220 883 1334 946 quam

322 957 456 1030 fecerat
471 981 578 1044 supra
592 966 732 1044 portam
743 959 916 1031 navalem.
961 957 1059 1030 Huic
1074 958 1172 1030 filius
1189 981 1334 1030 sucees-

323 1055 383 1144 sit,
404 1055 545 1130 nomine
560 1057 775 1144 Brabtruch,
789 1056 845 1128 vir
859 1055 1169 1144 prudentissime,
1193 1056 1332 1144 grossis

322 1163 361 1230 et
382 1157 539 1230 cruentis
564 1155 675 1229 oculis
699 1155 898 1243 notandns3
935 1155 993 1228 eui
1014 1181 1095 1228 cum
1116 1181 1183 1227 rex
1206 1155 1331 1227 Daciae

322 1255 501 1328 tributum
515 1262 670 1344 negaret,
686 1253 779 1341 quod
792 1254 888 1340 patri
902 1253 1059 1327 tribuere
1075 1254 1204 1326 solitus
1220 1258 1332 1338 esset,

321 1361 449 1440 parata
462 1355 575 1428 classe
596 1354 634 1428 in
657 1354 805 1427 Daciam
826 1353 982 1441 navigat,
1002 1377 1121 1440 regem
1143 1352 1331 1439 interficit,

322 1452 500 1540 regionem
515 1451 720 1541 subjugavit
729 1452 882 1539 pristino
891 1452 988 1540 jugo.
1034 1451 1080 1524 In
1091 1452 1250 1538 patriam
1266 1477 1331 1523 au-

321 1559 396 1626 tem
418 1576 580 1626 remeans
594 1575 656 1638 per
672 1551 829 1626 Orcadas
850 1551 987 1624 insulas
1002 1551 1177 1638 veniebat,
1193 1550 1247 1623 ibi
1261 1550 1329 1622 tri-

322 1651 422 1738 ginta
436 1675 544 1724 naves
554 1650 702 1738 invenit,
716 1649 803 1722 viris
814 1656 852 1723 et
865 1650 1074 1723 mulieribus
1089 1650 1237 1736 plenas}
1260 1647 1328 1719 ist-

322 1772 425 1821 arum
440 1757 560 1823 autem
574 1749 719 1823 navium
734 1748 818 1837 dux,
829 1749 1036 1821 Bartolinus
1047 1748 1203 1836 nomine,
1225 1746 1329 1820 venit

320 1846 471 1935 obviam,
494 1854 531 1920 et
560 1847 706 1921 adorato
728 1871 780 1935 eo,
808 1846 948 1920 veniam
970 1855 1009 1921 et
1028 1871 1152 1935 pacem
1173 1846 1329 1934 rogavit,

319 1945 527 2032 dicebatque
550 1970 588 2020 se
600 1971 645 2019 ex
667 1945 845 2032 Hispania
866 1947 1022 2036 pulsum,
1042 1947 1130 2034 loca,
1144 1968 1329 2030 novasque

321 2044 420 2118 sedes
444 2070 619 2131 quaerere:
642 2045 748 2132 petiit
767 2045 1029 2132 portiunculam
1050 2045 1251 2118 Britannia
1273 2045 1329 2116 in-

320 2142 562 2233 habitandam,
584 2170 628 2219 ne
639 2144 749 2217 maris
764 2144 924 2217 odiosum
938 2145 1008 2218 iter
1029 2144 1072 2216 de
1094 2151 1329 2230 caetero-per-

320 2251 471 2330 agraret.
507 2244 562 2317 Ut
575 2243 686 2331 igitur
697 2242 834 2316 audivit
845 2243 1027 2332 Gurguint
1038 2243 1255 2330 Brabtruch,
1267 2266 1327 2314 eos

320 2342 550 2416 Bassalenses
564 2348 707 2415 vocatos
722 2366 810 2431 esse,
835 2342 937 2416 misit
949 2343 1109 2417 homines
1124 2367 1207 2416 eum
1223 2367 1267 2414 eo
1281 2340 1328 2414 ad

318 2439 473 2514 insulam
496 2441 691 2530 Hiberniae,
713 2465 791 2527 quae
812 2448 899 2514 tnnc
920 2442 1017 2514 omni
1036 2442 1153 2515 incola
1167 2443 1325 2528 carebat,

316 2563 463 2628 eamque
478 2539 551 2614 iliis
571 2540 764 2629 concessit3
786 2565 895 2628 quam
908 2540 1140 2630 multiplicati
1153 2565 1271 2629 usque
1285 2540 1323 2614 in

319 2638 527 2714 hodiernum
543 2639 636 2714 diem
650 2645 784 2714 tenent.

409 2889 568 2933 ἦ,
604 2859 777 2914 uaeurur
800 2845 920 2914 autem
942 2840 1146 2914 Brabtruch
1155 2839 1326 2929 moriens,

329 2885 559 3139 [²3
604 2940 642 3013 in
657 2942 745 3014 urbe
757 2938 952 3027 Legionum
965 2941 1126 3029 sepultus
1141 2947 1208 3014 est.
1233 2939 1327 3014 Post

439 3106 441 3111 ,
490 3033 518 3097 Ι
543 3042 555 3077 ”³
603 3039 706 3111 illum
729 3037 947 3113 Guiteilinus
971 3039 1151 3128 successit,
1172 3039 1328 3126 virpru·
1415 3055 1418 3060 ’

472 3114 531 3223 0*
570 3155 580 3180 ‘
603 3135 1160 3225 dentissimus,justissimusque,
1179 3144 1219 3210 et
1233 3137 1325 3210 facie

468 3258 553 3346 be
603 3236 759 3309 humana
770 3263 781 3324 3
814 3234 942 3309 habuit
969 3260 1116 3308 uxorem
1147 3233 1325 3310 Martiam

384 3334 446 3399 ἕ
487 3333 551 3387 5
603 3334 754 3422 nomine,
774 3333 866 3407 lacte
888 3333 1135 3424 candidiorem,
1158 3335 1325 3409 omnibus

317 3440 455 3513 artibus
467 3437 661 3512 eruditam:
684 3432 760 3507 haec
770 3429 865 3506 int‘er
875 3431 1001 3520 multa,
1012 3439 1050 3504 et
1060 3432 1233 3522 inaudita,
1243 3458 1323 3519 quae

315 3538 457 3626 proprio
468 3535 607 3626 ingenio
622 3537 814 3619 repererat,
825 3529 963 3604 invenit
976 3530 1101 3620 legem,
1116 3555 1225 3617 quarn
1241 3531 1324 3604 Bri-

313 3646 416 3712 tenes
428 3634 647 3710 Martiarum
658 3629 893 3717 appellarunt.
939 3629 1046 3702 Hane
1059 3628 1322 3703 rexAluredus

313 3737 409 3811 inter
430 3741 558 3809 caetera
577 3725 768 3805 transtulit
788 3726 826 3798 in
849 3725 1066 3802 Saxonieam.
1089 3726 1262 3816 linguam,
1285 3734 1323 3802 et

312 3833 611 3919 Mercbccclccec
624 3826 774 3902 vocavit.
819 3824 964 3897 Mortuo
976 3824 1184 3913 Guitellino,
1195 3850 1322 3915 regna»

310 3935 365 4007 vit
374 3931 519 4019 Martia,
529 3938 567 4004 et
577 3928 673 4002 filius
682 3949 782 4013 puer,
792 3923 853 4010 qui
863 3923 1017 4010 Sisyilus
1026 3926 1231 4013 vocabatur,
1242 3949 1321 4014 sep-

311 4032 440 4106 tennis.
486 4030 563 4120 Quo
580 4033 722 4103 mortuo
737 4023 908 4100 successit
926 4021 1111 4112 Oimarus3
1133 4047 1203 4111 quo
1224 4049 1320 4099 mor-
