2872 4876
411 548 566 590 nrsronnu
581 548 654 590 nno.
669 547 750 590 nnrr.
766 548 827 591 mn.
837 549 893 593 ru.
1099 533 1159 591 213

156 689 276 754 Adhuc
291 691 390 755 etiam
414 693 447 754 id
466 693 631 756 tantillum
651 692 783 756 honoris
804 693 893 775 quod
916 693 946 756 ei
961 693 1159 768 remanebat,

155 797 189 853 te
203 792 359 874 patiente,
375 791 543 866 minuitur,
554 812 627 854 cum
643 791 775 853 advenae
792 791 947 866 Saxones
965 792 1019 875 qui
1035 813 1162 875 semper

155 889 342 970 proditores
372 890 443 972 ejus
474 890 661 962 extiterant,
692 889 727 950 in
764 910 829 952 uno
867 912 940 953 cum
977 891 1033 953 illa
1069 891 1160 975 regio

159 986 342 1052 diademate
366 989 521 1072 incipiant
544 987 704 1073 insigniri.
756 986 898 1051 Nomine
923 989 1045 1052 etenim
1073 989 1161 1073 regis

158 1086 244 1161 elati,
265 1087 459 1150 famosiores
473 1108 532 1170 per
547 1087 687 1170 patriam
707 1108 748 1149 ex
769 1109 833 1170 qua
846 1097 1007 1152 venerunt
1023 1087 1161 1150 efficien-

156 1193 223 1260 tur,
255 1186 417 1268 citiusque
447 1186 594 1248 concives
632 1206 708 1249 suos
738 1186 876 1251 invitare
907 1193 1073 1270 poterunt,
1106 1184 1162 1267 qui

158 1306 262 1368 genus
288 1293 436 1347 nostrum
459 1284 677 1348 exterminare
703 1285 864 1348 insistent.
913 1283 1162 1348 Consueverunt

135 1403 301 1482 *namque
326 1384 541 1467 proditionem
567 1404 693 1466 semper
719 1383 837 1459 faeere,
865 1404 924 1446 nec
949 1383 1007 1446 ulli
1035 1383 1162 1445 firmam

157 1482 254 1545 fidem
279 1492 403 1547 tenere.
451 1482 548 1547 Unde
573 1505 593 1546 a
619 1482 711 1545 nobis
738 1482 966 1566 opprimendos
988 1504 1070 1557 esse,
1097 1503 1163 1546 non

160 1583 350 1645 exaltandos
377 1603 552 1645 censerem.
601 1580 685 1644 Cum
711 1581 799 1664 ipsos
824 1583 929 1665 primo
959 1603 1018 1645 rex
1044 1581 1163 1643 Vorte-

159 1681 274 1766 girnus
298 1681 446 1755 retinuit,
474 1680 533 1743 sub
560 1679 676 1743 umbra
699 1680 787 1762 pacis
808 1689 1042 1755 remanserunt,
1070 1680 1164 1763 quasi

158 1800 218 1861 pro
233 1779 342 1862 patria
359 1779 555 1864 pugnaturi:
580 1777 638 1840 sed
664 1799 737 1840 curn
757 1779 935 1861 nequitiam
956 1800 1046 1842 suam
1062 1779 1164 1841 mani·

157 1877 281 1941 festare
306 1879 490 1960 quiverunt,
515 1877 636 1939 malum
650 1897 711 1960 pro
734 1876 820 1939 bono
846 1877 1030 1951 reddentes
1055 1877 1164 1960 prodi-

159 1976 280 2040 derunt
296 1998 378 2050 eum,
399 1976 621 2060 populumque
639 1974 733 2058 regni
754 1995 840 2038 saeva
860 1975 949 2038 clade
973 1976 1161 2041 affecerunt.

162 2073 387 2140 Prodiderunt
409 2075 527 2138 deinde
542 2072 713 2137 Aurelium
734 2070 962 2138 Ambrosium:
1001 2076 1053 2137 cui
1090 2084 1165 2158 post

159 2175 329 2238 horribilia
355 2181 567 2248 sacramenta,
594 2193 661 2234 una
684 2194 755 2235 curn
771 2194 809 2235 eo
832 2173 1051 2249 conrivantes,
1067 2197 1163 2238 vene-

158 2295 238 2336 num
260 2259 376 2357 potare
392 2272 560 2336 dederunt.
607 2269 831 2334 Prodiderunt
846 2291 976 2353 quoque
991 2271 1162 2348 Arturum‚

159 2373 291 2456 quando
307 2394 380 2434 cum
397 2369 561 2434 Modredo
581 2377 699 2452 nepote
720 2390 789 2442 suo,
810 2371 991 2452 postposito
1007 2371 1084 2454 jure
1099 2393 1163 2455 quo

158 2471 295 2556 obligati
309 2471 452 2543 fuerant,
470 2477 584 2531 contra
599 2468 690 2530 illum
706 2467 951 2531 dimicaverunt.
990 2467 1163 2533 Postremo

160 2569 312 2634 Carctico
338 2567 410 2651 regi
433 2565 530 2629 fidem
554 2565 757 2641 mentientes,
785 2565 1009 2631 Gormondum
1036 2567 1163 2630 Africa-

158 2688 277 2730 norum
293 2687 404 2749 regem
425 2685 522 2747 super
538 2665 643 2747 ipsum
658 2664 902 2728 conduxerunt:
925 2665 1018 2748 cujus
1038 2665 1163 2749 inquie-

159 2767 284 2830 tatione
300 2774 333 2828 et
353 2763 462 2847 patria
481 2763 605 2826 civibus
630 2771 742 2846 erepta
757 2771 817 2838 est,
845 2773 878 2826 et
904 2763 1078 2847 praedictus
1104 2786 1163 2828 rex

159 2864 348 2928 indecenter
364 2862 527 2945 expulsus

339 3568 376 3575 ··
416 3546 417 3549 '
452 3550 519 3614 suis
539 3552 715 3634 impetrare
729 3561 869 3636 poterat,
885 3563 924 3618 ut
934 3557 1164 3639 permitterent

406 3710 416 3717 ,
457 3670 532 3712 eum
547 3650 696 3733 petitioni
711 3651 799 3715 illius
820 3655 1035 3737 acquiescere.
1082 3655 1160 3720 Aie-

244 3746 267 3753 ”
304 3758 308 3765 ’
397 3748 414 3763 “’
452 3748 533 3811 bant
548 3749 634 3812 enirn
654 3759 769 3814 eontra
784 3751 841 3834 jus
861 3763 1074 3836 veterumque
1093 3763 1164 3818 tra-

161 3845 315 3912 ditionem
331 3865 413 3921 esse,
434 3843 574 3910 insulam
593 3848 691 3912 unius
708 3871 834 3914 coronae
856 3853 982 3917 duobus
1003 3856 1164 3919 coronatis

161 3946 310 4011 submitti
347 3943 475 4009 debere.
537 3944 645 4010 Iratus
681 3947 781 4034 igitur
826 3949 993 4028 EdwinuS,
1032 3953 1164 4017 dimisso

160 4044 333 4130 colloquio,
365 4045 499 4108 secessit
513 4044 548 4107 in
571 4043 919 4126 Northanhumbriam,
954 4052 1063 4116 dicens
1094 4074 1165 4117 sese

161 4145 231 4209 sine
249 4145 381 4209 licentia
402 4143 619 4208 Oadwallonis
639 4148 742 4231 regali
760 4148 942 4215 diademate
961 4152 1163 4217 initiandum.

162 4243 262 4325 Quod
282 4267 356 4310 cum
388 4242 590 4310 Oadwalloni
615 4245 792 4310 indicatum
819 4259 915 4325 esset,
945 4252 1106 4316 nuntiavit
1135 4250 1165 4316 ei
