2872 4876
320 365 366 436 52
653 384 804 439 rourror
833 385 1010 438 vrnunurr

322 535 559 610 ramtrahunt
570 537 725 626 (hocque
737 540 782 612 ob
797 539 989 612 amentiam
1002 537 1166 627 Maximi
1176 539 1241 626 qui
1252 537 1334 611 Bri-

322 637 834 726 canuamvacuavitviriaqui
843 644 920 712 toto
929 636 1332 720 mundoerautterrorit

323 738 419 810 muri
428 737 912 826 capiuntuufugauturcives.
937 737 1069 811 Statim
1081 737 1239 811 Romam
1249 737 1336 810 mit·

322 845 408 910 tunt
428 835 474 909 ad
489 836 654 924 Agitium
670 837 841 910 Romanae
856 837 1046 925 potestatis
1067 837 1185 910 virum
1201 837 1335 924 episto-

323 937 399 1009 las:
424 937 565 1009 Aolrlo
579 942 637 1009 ter
651 936 788 1010 consuli
803 936 957 1024 gemitus
978 936 1179 1024 Britonum‚
1196 943 1235 1009 et
1250 943 1335 1025 post

323 1060 437 1122 pauca
452 1035 626 1124 adjiciunt
647 1042 855 1122 querentes:
879 1060 943 1109 uos
958 1060 1056 1110 mare
1078 1035 1124 1109 ad
1145 1037 1332 1122 barbaros,

323 1135 467 1208 barbari
482 1135 527 1207 ad
541 1159 639 1207 mare
651 1135 848 1222 repellunt:
866 1142 930 1207 ant
940 1134 1052 1222 igitur
1062 1134 1261 1223 mergimur
1269 1141 1334 1208 aut

318 1235 537 1322 jugulamur.
588 1233 741 1306 Nullum
775 1233 950 1306 auxilium
985 1233 1169 1322 habentes,
1205 1235 1333 1306 tristes

322 1334 484 1421 redeunt,
508 1341 615 1420 atquc
632 1333 833 1406 concivibus
848 1332 1029 1419 repulsam
1046 1355 1147 1405 suam
1163 1332 1334 1406 denunci-

324 1439 398 1505 ant.
443 1433 542 1506 Inito
557 1434 677 1519 itaque
693 1431 849 1518 consilio,
860 1431 1111 1504 transfretavit
1122 1431 1333 1506 Guitoh'nus

324 1529 1093 1618 LondinensisArchiepiscopnsiuminorem
1103 1530 1333 1604 Britanniam

323 1656 401 1718 quae
416 1638 504 1704 tunc
519 1631 708 1704 Armorica
723 1629 796 1702 sive
813 1629 963 1703 Letavia
977 1629 1170 1717 dicebatur,
1186 1637 1232 1702 ut
1247 1653 1334 1702 aux-

321 1730 424 1802 ilium
454 1755 476 1801 a
506 1728 746 1802 confratribus
772 1729 847 1800 suis
872 1729 1081 1815 postularet
1138 1728 1333 1817 Regnabat

321 1837 408 1902 tunc
418 1829 456 1900 iu
465 1828 529 1900 illa
545 1828 757 1915 Aldroenus‚
772 1835 923 1913 quartus
938 1853 960 1901 a
975 1827 1128 1916 Gonane,
1144 1827 1203 1900 oui
1218 1827 1333 1900 maxi-

321 1952 402 2000 mus
425 1951 573 2014 regnum
594 1926 686 1998 illud
706 1925 866 2014 donarat,
882 1934 925 1999 ut
946 1926 1102 2000 diximus
1119 1951 1239 2014 supra.
1286 1927 1331 1998 Ei

320 2025 487 2113 proponit
502 2024 709 2100 Guitoh'nus
725 2050 873 2113 reguum
893 2025 1088 2099 Britanniae
1108 2028 1154 2099 ob
1174 2026 1331 2099 affinita-

321 2133 406 2214 tem,
422 2132 459 2199 et
473 2124 751 2198 misericordiam
765 2124 876 2212 petit3
899 2125 995 2198 utin
1011 2149 1133 2198 eorum
1153 2125 1331 2198 auxilium

320 2224 440 2297 venire
462 2249 534 2296 non
548 2222 767 2311 dedignetur.
813 2222 883 2296 Ille
892 2230 1010 2312 negat,
1021 2224 1144 2297 ridens
1159 2224 1330 2297 instabile

321 2323 484 2397 diadema
502 2322 610 2412 illiue,
656 2322 727 2396 Sed
753 2321 1029 2396 Constantinum
1050 2322 1199 2396 fratrem
1225 2348 1330 2396 suum

321 2421 422 2496 misit
437 2422 651 2510 Aldroenus‚
666 2428 704 2495 et
718 2421 787 2495 duo
802 2421 918 2495 millia
931 2420 1100 2509 militum,
1119 2429 1162 2494 ut
1178 2447 1261 2494 eum
1277 2447 1330 2495 re-

321 2545 400 2610 gem
424 2521 655 2607 constituant,
681 2527 719 2594 et
749 2519 825 2594 Deo
850 2520 1061 2594 auxffliante
1083 2521 1214 2594 liberet
1240 2545 1328 2594 eam.

322 2621 463 2708 Plures,
475 2620 601 2707 inquit
617 2644 687 2692 uon
702 2618 817 2708 trado,
829 2619 913 2706 quia
925 2619 1023 2696 Galli
1034 2645 1091 2693 me
1106 2619 1266 2705 quotidie
1277 2621 1330 2692 in-

321 2718 464 2792 festant.
511 2717 647 2791 Missus
663 2717 933 2808 Constantinus‚
942 2718 1064 2806 vincit,
1080 2726 1118 2791 et
1127 2719 1281 2806 erigitur
1291 2719 1329 2791 in

321 2842 488 2905 regnum:
513 2816 740 2890 Dorobemiae
755 2816 906 2907 erigitur
928 2817 1064 2906 civitas,
1085 2843 1180 2890 nuuc
1193 2817 1329 2892 Cantu-

321 2917 397 2989 aria
420 2915 561 3002 dicitnr,
583 2916 808 3002 inpartibus
831 2916 979 2991 Guntiae.
1025 2917 1183 2991 Saxones
1206 2924 1328 2991 autem

320 3014 515 3087 adorabant
526 3013 619 3103 deos,
634 3015 832 3102 praesertim
845 3014 1076 3104 Mercurium,
1087 3041 1193 3102 quern
1204 3017 1328 3105 lingua

321 3137 386 3184 sua
407 3111 541 3182 Wodea
556 3114 793 3202 appellabant,
809 3114 866 3186 cui
879 3115 1085 3202 septimanae
1095 3123 1263 3202 quartam
1277 3116 1328 3190 fe-

308 3212 411 3284 riam
437 3210 612 3299 dicarunt,
636 3238 744 3299 quarn
762 3238 806 3286 ex
830 3215 970 3288 nomine
992 3215 1074 3302 ejus
1104 3215 1327 3302 Wodcuoday

320 3313 503 3384 vocabant.
550 3308 640 3382 Post
661 3311 764 3383 illum
787 3337 925 3385 summo
942 3314 980 3385 iu
1002 3315 1133 3388 honore
1147 3315 1328 3388 habebunt

320 3408 607 3498 potentissimam
633 3409 745 3497 deam,
771 3410 908 3484 Bieam
937 3414 1088 3502 nomine,
1111 3414 1168 3487 cui
1188 3422 1327 3488 sextam

321 3509 446 3583 feriam
459 3515 719 3596 consecrarunt,
735 3534 814 3582 eam
836 3520 1002 3585 vocantes
1018 3512 1191 3600 Freiuap.
1238 3513 1327 3587 Sax-

320 3631 404 3681 ones
425 3614 545 3679 autem
560 3633 631 3680 non
646 3616 732 3680 sunt
744 3609 867 3696 populi
882 3611 1078 3684 Britannia
1102 3611 1216 3699 magis
1240 3611 1326 3698 Sep-

319 3705 564 3794 tentrionales,
586 3707 647 3779 sed
663 3705 875 3797 Germaniae,
890 3734 1014 3784 versus
1041 3719 1162 3784 tamen
1182 3711 1327 3783 Britan-

320 3807 428 3892 niam,
450 3805 513 3876 ubi
527 3804 645 3878 insula
661 3806 810 3879 Thanet
856 3807 993 3882 Civitas
1009 3817 1065 3882 est
1076 3810 1185 3883 etiam
1196 3810 1235 3882 in
1246 3811 1328 3883 Bri-
1393 3820 1395 3834 '

319 3903 445 3979 tannia
460 3903 732 3992 anrcaradaue
759 3930 836 3992 quae
851 3933 945 3980 nunc
960 3909 1091 3981 dicitur
1109 3909 1325 3983 Saicsburia.

324 4007 523 4082 Ambroues
536 4012 666 4092 autem,
683 4005 852 4094 Saxones,
868 4014 905 4082 et
921 4008 1032 4099 Angli
1046 4008 1151 4096 idem,
1168 4008 1230 4082 sed
1252 4034 1325 4086 res-
