2872 4876
396 561 551 604 russorum
567 561 639 604 auo.
651 561 732 604 unm.
748 561 809 606 mn.
826 562 880 604 ΧΠ.
1081 544 1139 606 227

181 805 197 886 ς
221 806 269 865 18.
292 821 540 864 canumnnnnus
561 821 673 863 nonan
695 821 794 876 rarrr,
818 822 870 863 um
892 821 993 864 ranno
1015 821 1090 864 rosr

560 928 711 970 noanon.

297 1090 389 1215 [ὅ
440 1039 537 1104 UNC
559 1041 685 1105 Alanus
713 1043 850 1126 sumptis
878 1043 1014 1106 diversis
1038 1043 1139 1116 libris,

297 1092 397 1275 [(’ὶ
438 1150 471 1203 et
487 1139 527 1203 de
541 1141 721 1223 prophetiis
737 1141 866 1224 Aquilae
882 1142 937 1224 qui
960 1130 1142 1204 Sehsto'niae

298 1204 367 1344 ’ν
298 1204 654 1344 Qprophetavit,
681 1240 770 1303 etde
790 1241 987 1304 carminibus
1010 1241 1141 1324 Sibyllae

438 1359 475 1401 aa
503 1336 647 1413 Merlini,
676 1339 771 1422 coepit
795 1339 933 1402 serutari
960 1339 1077 1413 omnia,
1105 1347 1141 1401 ut

328 1488 331 1495 Α
351 1489 352 1492 ,
437 1435 574 1510 videret,
591 1458 633 1500 an
642 1438 797 1501 revelatio
810 1437 1025 1502 Oadwalladri
1041 1437 1141 1520 serip-

437 1535 481 1598 tis
519 1535 659 1598 oraculis
697 1537 919 1600 concordaret.
981 1535 1026 1598 Et
1070 1557 1142 1598 cum

131 1637 256 1700 nullam
276 1633 526 1717 discrepantiam
547 1635 744 1717 reperisset:
769 1637 933 1720 suggessit
962 1634 1141 1697 Oadwalla-

133 1737 204 1812 dro,
235 1744 275 1798 ut
308 1733 425 1797 divinae
456 1731 690 1814 dispensationi
720 1743 870 1816 pareret:
905 1742 939 1797 et
969 1731 1143 1796 Britannia

134 1833 327 1918 postposita,
366 1831 455 1914 quod
491 1830 656 1914 angelicus
695 1833 723 1894 ei
759 1839 960 1915 praeceperat
988 1830 1140 1904 monitus

125 1933 318 2016 ‘perficeret
351 1929 454 1992 filium
486 1939 596 1991 autem
618 1949 714 1992 suum
747 1929 833 2006 lvor,
861 1952 898 1993 ac
920 1929 972 1993 Ini
992 1936 1143 2012 nepotem

136 2054 232 2096 suum
262 2030 305 2093 ad
342 2028 495 2110 reliquias
527 2025 702 2091 Britonum
739 2030 944 2120 regendas
935 2052 969 2124 m
1004 2029 1143 2091 insulam

136 2131 313 2215 dirigeret:
358 2147 400 2190 ne
432 2147 513 2210 gens
550 2127 686 2210 antiquo
723 2129 853 2191 illorum
890 2116 1010 2213 genere
1044 2125 1141 2220 edita,

137 2231 323 2294 libertatem
338 2227 508 2291 barbarica
522 2226 706 2309 irruptione
722 2228 898 2292 amitteret.
947 2225 1041 2290 Tune
1058 2224 1143 2288 Oad
1204 2285 1207 2306 ,

136 2329 310 2394 walladrus
326 2327 462 2410 abjectis
477 2325 706 2403 mundialibus,
719 2335 853 2410 propter
869 2325 979 2390 Deum
991 2346 1143 2410 regnum-

138 2451 200 2512 que
238 2436 439 2512 perpetuum,
478 2425 568 2488 venit
606 2424 757 2500 Romam,
789 2434 822 2489 et
851 2448 871 2489 a
910 2425 1025 2510 Sergio
1053 2423 1144 2506 Papa

138 2527 358 2601 confirmatus,
383 2545 448 2588 non
474 2523 578 2588 multo
609 2532 684 2607 post
706 2525 838 2608 inopino
863 2525 961 2590 etiam
986 2526 1144 2609 languore

11 2687 12 2708 ,
139 2634 308 2709 correptus
346 2632 406 2698 est,
449 2623 639 2686 duodecima
675 2632 785 2686 autem
823 2624 874 2687 die
922 2623 1144 2687 Kalendarum

12 2749 13 2752 ¹
89 2801 92 2807 ,
141 2723 320 2808 Majurum,
344 2745 427 2787 anno
458 2722 499 2784 ab
524 2722 747 2785 incarnatione
778 2722 953 2786 Dominica
977 2731 1144 2785 sexcente-

140 2825 220 2886 simo
251 2822 449 2905 octogesimo
477 2841 573 2894 nono,
601 2841 621 2883 a
650 2822 842 2905 contagione
871 2823 977 2884 carnis
1007 2822 1142 2896 solutus

140 2922 277 2985 coelestis
300 2921 393 3003 regni
416 2921 524 2983 aulam
547 2921 713 3004 ingressus
737 2929 796 2995 est,

212 3232 226 3310 q
250 3233 298 3291 19.
321 3247 397 3288 1von
417 3246 455 3286 ur
477 3246 523 3287 1V1
545 3245 686 3289 rnusrnn
707 3246 844 3291 saxonas
867 3251 1065 3302 muniamur.

161 3428 174 3449 ,
347 3404 351 3407 -
442 3358 517 3422 UM
548 3367 658 3422 autem
696 3360 772 3423 lvor
810 3369 843 3425 et
875 3361 924 3425 lni
955 3386 1053 3429 naves
1085 3368 1143 3431 sibi

154 3452 164 3475 *
246 3506 325 3539 ,f
359 3476 377 3545 ’ς
441 3457 656 3542 collegissent,
688 3479 769 3541 quos
800 3469 977 3542 potuerunt
1007 3467 1144 3528 associa-

284 3556 287 3565 *
363 3566 364 3569 ’
384 3582 392 3643 ,³
442 3566 557 3619 verunt
573 3557 644 3630 sibi,
658 3565 691 3620 et
706 3557 930 3640 applicuerunt
945 3561 977 3622 in
993 3562 1142 3639 insulam,

159 3736 163 3754 ι
236 3672 272 3735 ,rs
299 3660 356 3747 {2³2³
442 3663 542 3738 atque
568 3675 655 3717 xcix
689 3656 783 3718 annis
808 3665 940 3741 gentem
964 3657 1145 3745 Anglorum

159 3754 161 3761 “
247 3758 258 3795 2
288 3816 291 3823 ,
444 3753 620 3817 saevissima
634 3753 866 3836 inquietatione
875 3758 1072 3824 affecerunt:
1090 3761 1147 3825 sed

445 3874 511 3914 non
548 3852 688 3914 multum
724 3854 856 3935 profuit.
916 3855 1022 3939 Supra
1061 3859 1147 3923 dieta

147 3974 286 4036 namque
306 3953 499 4026 mortalitas,
518 3960 551 4015 et
571 3951 685 4026 fames,
714 3961 814 4034 atque
829 3957 1149 4022 consuetudinarium

148 4051 329 4125 dissidium,
364 4052 398 4112 in
432 4059 561 4114 tantum
595 4059 746 4133 coegerat
784 4053 940 4135 populum
974 4059 1151 4139 superbum

149 4151 355 4236 degenerare,
384 4151 472 4234 quod
495 4151 606 4212 hostes
635 4150 764 4232 longius
791 4172 901 4215 arcere
925 4156 1149 4237 nequiverant.

149 4249 307 4314 Barbarie
318 4249 416 4313 ctiam
429 4250 603 4332 irrepente,
617 4249 683 4330 jam
698 4269 763 4311 non
775 4251 974 4315 vocabantur
987 4253 1151 4330 Britones
