2862 4870
405 479 562 524 mercam
579 480 653 524 nne.
668 479 750 524 narr.
766 479 828 524 nm.
850 479 896 524 ιιι.
1116 461 1155 522 55

152 621 199 686 cui
234 620 430 688 Merianus:
465 623 518 687 cui
547 623 709 699 Bleduno,
741 623 793 688 cui
809 623 901 706 Gap:
938 622 989 688 cui
1016 619 1153 688 Ocnus:

152 720 202 784 cui
231 721 396 786 Sisillius:
442 722 495 786 cui
523 720 720 806 Blegabret
767 721 833 786 Hic
863 741 973 786 omnes
1004 728 1155 785 cantores

150 839 227 902 quos
246 821 435 905 praecedens
464 829 542 885 setas
566 821 737 897 habuerat,
763 829 797 886 et
822 821 857 884 in
880 820 1029 896 modulis,
1055 827 1090 885 et
1118 818 1154 882 in

148 919 291 983 omnibns
315 919 446 984 musicis
471 919 698 984 instrumentis
722 919 919 984 excedebat:
940 919 989 982 ita
1012 927 1050 984 nt
1072 919 1154 982 deus

16 1037 18 1088 μ
142 1015 361 1099 joculatorum
377 1019 551 1084 diceretur.
599 1018 682 1084 Post
701 1020 794 1083 illum
813 1018 964 1105 regnavit
989 1017 1153 1083 Arthmnil

145 1116 250 1181 frater
288 1139 377 1183 suns.
428 1116 511 1182 Post
539 1116 716 1194 Arthmail,
755 1117 871 1183 Eldol:
909 1118 963 1183 cui
999 1117 1153 1182 successit

146 1215 299 1281 Redion:
352 1217 405 1281 cui
435 1216 657 1284 Redercbius:
702 1218 755 1282 cui
786 1215 1066 1302 Samuilpenissel:
1101 1215 1154 1279 cui

146 1311 226 1378 Pir:
251 1315 305 1378 cui
322 1313 464 1398 Gapcir:
488 1315 605 1380 deinde
631 1316 785 1380 successit
808 1315 1003 1402 Gligueillus
1019 1314 1153 1398 Capoiri

145 1411 239 1488 filius,
255 1413 308 1477 vir
322 1413 358 1476 in
377 1415 522 1478 omnibus
548 1414 674 1479 actibus
699 1415 866 1480 modestus
881 1422 916 1480 et
939 1414 1094 1500 prudens,
1119 1421 1153 1478 et

146 1512 200 1594 qui
216 1533 316 1596 snper
337 1533 449 1577 omnes
468 1521 589 1578 rectam
605 1514 768 1639 justitiam
779 1515 867 1579 inter
889 1515 1046 1600 populous
1061 1533 1154 1578 exer·

145 1611 247 1676 nebat

175 1869 190 1950 ς
211 1871 459 1932 turrensem
479 1887 566 1945 nnn,
588 1889 659 1945 nun,
680 1889 828 1944 unumne,
850 1888 1127 1934 csssmarnnuuus.

156 2014 408 2093 ,tigit-po,
451 2000 542 2066 OST
573 2001 661 2066 illum
684 2001 838 2066 successit
857 2000 936 2066 Heli
959 2002 1044 2066 filius
1069 2002 1150 2087 ejus,

157 2097 169 2125 ”
448 2121 643 2186 regnumque
659 2100 1150 2187 quadragintaannistractcvit.

193 2182 216 2219 ‘⁸'
282 2202 351 2295 ⁶}
450 2197 516 2263 Hic
530 2208 600 2264 tres
622 2201 792 2286 generavit
806 2199 901 2275 filios,
929 2198 1014 2274 Lud‚
1042 2198 1151 2263 Cassi-

159 2282 204 2423 ‘⁵
258 2282 329 2373 ι“”
447 2297 645 2375 bellaunum,
667 2297 849 2364 Nennium:
873 2318 1007 2381 quornm
1029 2297 1151 2382 primo

159 2330 408 2493 ζὴ
447 2397 589 2482 genitus,
617 2396 768 2462 videlicet
792 2396 880 2472 Lud‚
908 2417 1048 2482 regnum
1074 2404 1150 2480 post

235 2485 298 2516 *ms

309 2502 395 2545 tur*
448 2496 685 2580 obitumpatris
698 2496 848 2581 suscepit.
891 2492 978 2558 Exin
990 2494 1150 2580 gloriosus

144 2517 321 2657 aedificator
335 2593 460 2658 urbium
476 2594 630 2671 existens,
651 2595 823 2659 renovavit
837 2615 947 2659 muros
961 2594 1051 2658 urbis
1077 2592 1150 2656 Tri-

142 2691 287 2766 novanti,
304 2698 338 2755 et
359 2691 643 2758 innumerabilibus
665 2694 809 2758 turribus
825 2714 893 2758 eam
916 2692 1149 2759 circumcinxit.

143 2787 307 2873 Praecepit
333 2789 429 2853 etiam
453 2790 586 2867 civibus,
610 2799 648 2855 ut
671 2791 785 2856 domus
812 2800 846 2856 et
871 2791 1007 2856 aedificia
1033 2812 1092 2855 sua
1115 2791 1150 2854 in

142 2888 254 2953 eadem
269 2898 510 2966 construerent,
535 2891 583 2956 ita
596 2899 633 2955 ut
662 2913 728 2955 non
744 2898 831 2956 esset
856 2891 891 2953 in
914 2890 1011 2977 longe
1034 2891 1150 2976 positis

141 2987 253 3072 regnis
279 2987 394 3052 civitas
417 3010 489 3072 quae
507 2989 670 3073 pulcriora
693 2989 815 3073 palatia
833 2989 1025 3057 contineret.
1072 2990 1150 3056 Fuit

141 3086 211 3170 ipse
225 3085 399 3151 bellicosus
413 3087 509 3152 bomo
533 3096 567 3152 et
586 3088 621 3151 in
637 3088 752 3152 dandis
773 3087 877 3171 epulis
892 3088 1057 3171 profusus.
1105 3087 1150 3153 Et

141 3206 214 3248 cum
245 3185 357 3269 plures
386 3185 534 3251 civitates
570 3185 764 3270 possideret,
794 3186 878 3250 hanc
906 3206 973 3270 prae
1003 3187 1149 3250 omnibus

139 3285 290 3348 amabat:
317 3291 352 3347 et
361 3283 590 3369 inillamajori
600 3293 695 3369 parte
703 3285 805 3349 totius
814 3284 892 3348 anni
902 3286 1147 3351 commanebat:

25 3391 27 3398 ’
139 3383 225 3448 unde
239 3382 409 3448 nominata
422 3383 487 3448 fuit
501 3383 702 3467 postmodum
719 3383 886 3448 Kaerlud:
909 3392 943 3448 et
958 3384 1075 3448 deinde
1089 3404 1149 3468 per

141 3481 379 3566 corruptionem
404 3482 544 3547 nominis
572 3482 795 3548 Kaerlondon.
844 3482 1044 3548 Succedente
1068 3502 1148 3546 vero

140 3589 287 3665 tempore
323 3601 382 3663 per
418 3582 704 3646 commutationem
741 3581 937 3666 linguarum,
968 3582 1056 3646 dicta
1085 3579 1148 3645 fuit

141 3678 343 3744 Londoniae:
375 3686 409 3743 et
437 3688 552 3763 postea
582 3679 734 3744 Londres
764 3681 1004 3764 applicantibus
1034 3682 1146 3747 alieni-

142 3779 243 3862 genis,
261 3777 317 3862 qui
331 3777 468 3861 patriam
485 3778 547 3843 sibi
559 3779 803 3843 submittebant.
836 3777 1003 3844 Defuncto
1014 3782 1147 3847 tandem

142 3878 206 3954 illo,
223 3897 342 3961 corpus
366 3877 436 3960 ejus
459 3877 663 3942 reconditum
685 3877 750 3941 fuit
765 3878 799 3941 in
824 3877 981 3963 praediota
1004 3880 1146 3958 civitate,

139 3974 232 4058 juxta
246 3983 377 4060 portam
391 3975 480 4038 illam
496 3997 567 4060 quae
581 3977 688 4040 adbuc
698 3976 739 4040 de
753 3976 882 4040 nomine
897 3976 969 4060 ejus
985 3976 1149 4045 Parthlud

145 4071 342 4151 Britannice,
376 4074 535 4139 Saxonice
565 4075 756 4161 Ludesgata
784 4084 999 4158 nuncupatur.
1066 4077 1147 4144 Nati

146 4171 275 4238 inerunt
290 4173 321 4238 ei
337 4173 400 4239 duo
415 4173 484 4251 filii,
498 4172 692 4260 Androgeus
708 4180 742 4238 et
759 4172 978 4239 Tenuantius:
1002 4176 1058 4258 qui
1075 4197 1146 4240 cum
