2862 4870
283 447 323 509 66
600 470 712 512 oium.
734 468 976 512 uoruarnrnums

283 610 417 694 quidam
450 633 544 676 mons
573 614 608 676 in
638 613 804 677 cacumine
835 633 971 675 saxosus
1001 611 1139 674 densum
1167 608 1298 671 habens

282 709 471 774 coriletum:
494 712 536 774 ad
561 713 653 775 illum
669 712 818 796 confugit
839 711 1105 774 Cassibellaunus
1125 728 1197 770 cum
1213 705 1297 780 suis

282 809 701 893 postquamindebiliorem
711 818 839 894 partem
850 809 1022 872 ceciderat.
1062 805 1298 870 Summitatem

284 928 415 991 quoque
435 909 507 993 ejus
529 919 644 974 nactus
660 930 731 973 sese
756 909 895 972 viriliter
915 907 1120 981 defendebat,
1148 913 1182 968 et
1207 904 1298 967 iusc-

284 1015 421 1090 quantes
432 1008 544 1072 hostes
555 1029 633 1072 nece
644 1008 815 1072 afficiebat.
852 1006 997 1070 Inseeuti
1007 1024 1149 1088 namque
1160 1002 1298 1066 fuerant

283 1104 391 1189 ipsum
412 1105 554 1169 Romani
569 1115 603 1170 et
626 1104 795 1191 Androgei
810 1113 960 1180 caterva,
985 1104 1151 1188 fugientes
1166 1110 1298 1164 turmas

282 1206 354 1289 ejus
379 1207 579 1272 lacerantes:
602 1217 746 1272 montem
770 1229 898 1292 quoque
921 1208 1134 1271 ascendentes
1159 1204 1297 1267 crebros

283 1305 368 1370 ictus
382 1305 556 1382 faciebant,
572 1329 632 1370 nee
646 1307 878 1390 praevalebant.
926 1305 1151 1370 Saxa-etenim
1171 1303 1297 1365 montis

284 1404 431 1487 ejusdem
446 1412 480 1468 et
495 1405 671 1468 cacuminis
683 1405 830 1468 arduitas
841 1403 1034 1468 Britonibus
1046 1410 1118 1467 erat
1130 1401 1297 1465 defensio:

283 1502 331 1566 ita
349 1511 423 1566 uta
440 1523 567 1566 summo
594 1511 802 1566 occurrentes
821 1503 971 1566 hostibus
998 1511 1142 1585 stragem
1165 1501 1295 1564 darent.

287 1599 428 1666 Obsedit
450 1602 562 1684 itaque
583 1600 695 1666 Caesar
720 1611 865 1665 montem
890 1602 982 1664 illum
1005 1609 1077 1665 tota
1099 1608 1195 1664 noete
1222 1620 1298 1681 quae

171 1704 175 1711 ’
280 1699 351 1782 jam
373 1709 615 1783 supervenerat,
637 1721 749 1764 omnes
770 1701 878 1763 exitus
893 1700 1105 1782 praeludens
1152 1698 1298 1762 Affeeta

284 1797 343 1861 bat
356 1818 497 1879 namque
512 1798 599 1862 fame
613 1818 725 1883 regem
734 1819 861 1882 cogere,
874 1818 970 1881 quem
979 1798 1079 1860 armis
1089 1797 1296 1879 nequiverat.

288 1894 616 1961 Oadmirabiletune
635 1916 740 1981 genus
760 1895 946 1969 Britonum,
973 1896 1029 1979 qui
1054 1895 1160 1978 ipsum
1185 1894 1237 1958 bis
1263 1895 1299 1956 in

285 1993 399 2079 fugam
420 1994 627 2078 pepulerunt,
652 1994 709 2077 qui
734 2001 842 2056 totum
862 1994 975 2056 orbem
1001 1993 1062 2056 sibi
1086 1993 1297 2056 submiserat.

288 2093 351 2157 Cui
366 2101 457 2158 totus
477 2094 619 2156 mundus
642 2091 789 2175 nequivit
812 2091 976 2167 resistere,
1003 2092 1050 2155 illi
1070 2092 1169 2155 etiam
1188 2093 1300 2176 fugati

286 2193 456 2267 resistunt,
472 2191 579 2274 parati
594 2198 730 2253 mortem
750 2212 811 2274 pro
826 2192 933 2274 patria
953 2199 987 2254 et
1006 2192 1158 2254 libertate
1174 2192 1297 2256 subire.

287 2290 376 2355 Hine
391 2290 433 2354 ad
447 2289 577 2353 laudem
591 2288 722 2351 illorum
737 2289 854 2352 cecinit
869 2289 1024 2352 Lucanus
1040 2290 1081 2353 de
1098 2289 1248 2354 Caesare:

410 2421 527 2481 Territa
547 2422 673 2502 quaesitis
694 2423 820 2482 ostendit
840 2435 927 2502 terga
948 2423 1106 2482 Britannis.

332 2566 475 2631 Emenso
485 2567 556 2651 jam
571 2568 624 2632 die
643 2569 794 2645 secundo,
812 2591 885 2632 cum
900 2569 968 2652 jam
983 2589 1048 2632 non
1062 2569 1199 2632 haberet
1217 2567 1300 2631 Cas-

289 2667 487 2731 sibellaunus
511 2668 597 2749 quod
618 2667 809 2743 comederet,
833 2669 944 2731 timuit
959 2689 1000 2731 ne
1022 2667 1109 2730 fame
1124 2675 1299 2750 caperetur

289 2763 430 2828 Caesaris
454 2785 617 2828 carcerem
643 2766 822 2829 subiturus
870 2765 1043 2829 Mandavit
1067 2787 1146 2849 ergo
1166 2764 1299 2828 Andro-

287 2883 349 2946 geo
365 2870 403 2926 ut
419 2883 490 2925 sese
505 2884 576 2925 cum
593 2864 682 2927 Julio
697 2864 891 2947 pacificaret,
913 2885 954 2926 ne
968 2863 1076 2948 gentis
1098 2863 1240 2948 dignitas
1256 2885 1299 2927 ex

289 2981 352 3042 qua
366 2969 464 3024 natus
475 2961 585 3024 fuerat
600 2971 694 3044 capto
709 2963 780 3046 ipso
792 2963 965 3025 deleretur.
1013 2960 1187 3025 Mandavit
1196 2963 1298 3026 etiam

289 3059 320 3122 ei
350 3079 384 3122 se
418 3081 484 3122 non
509 3061 738 3143 promeruisse,
766 3071 804 3124 ut
839 3061 941 3144 ipsius
973 3069 1113 3124 mortem
1147 3069 1298 3144 optaret:

289 3157 438 3241 quamvis
461 3159 719 3242 inquietudinem
742 3161 804 3242 ipsi
830 3161 1004 3223 intulisset.
1052 3159 1202 3242 Cumque
1227 3161 1299 3224 haec

288 3256 477 3320 retulissent
491 3257 611 3332 nuncii,
628 3257 675 3320 ait
687 3257 898 3342 Androgeus:
924 3257 1028 3321 “Non
1040 3267 1090 3322 est
1111 3258 1298 3343 diligendus

290 3355 450 3439 princeps
473 3356 529 3438 qui
545 3357 578 3419 in
593 3357 678 3419 bello
692 3355 782 3418 mitis
798 3364 848 3419 est
864 3364 902 3420 ut
917 3378 1040 3441 agnus:
1063 3356 1098 3419 in
1112 3378 1191 3439 pace
1206 3357 1298 3420 ferus

290 3463 328 3518 ut
342 3455 403 3518 leo.
450 3452 509 3516 Dii
521 3454 591 3516 coeli
603 3463 636 3517 et
651 3463 748 3517 terrae
762 3453 770 3516 l
795 3463 868 3518 orat
878 3476 928 3518 me
943 3476 1030 3518 nune
1043 3454 1193 3519 dominus
1204 3477 1299 3519 meus

289 3554 346 3639 qui
360 3553 452 3635 prius
467 3553 666 3635 imperabat:
691 3551 901 3616 Pacifiearine
916 3576 1013 3630 nunc,
1031 3563 1065 3618 et
1082 3554 1205 3618 Caesari
1221 3553 1299 3616 sub-

290 3652 522 3735 subjeetionem
537 3650 645 3713 facere
667 3649 841 3726 desiderat,
864 3652 957 3736 cujus
973 3674 1085 3736 pacem
1104 3653 1196 3735 prius
1212 3653 1299 3714 desi-

291 3747 600 3816 deraveratCaesar?
622 3747 765 3811 Proinde
774 3749 1118 3825 adverteredebuerat,
1125 3751 1227 3826 illum,
1238 3773 1299 3833 per

290 3872 388 3936 quem
401 3858 531 3913 tantum
545 3848 775 3931 imperatorem
791 3870 831 3911 ex
846 3870 948 3932 regno
964 3871 1023 3912 suo
1043 3851 1177 3933 pepulit,
1201 3872 1300 3933 posse

290 3950 397 4033 ipsum
426 3949 547 4010 iterum
569 3947 767 4027 restituere.
814 3945 891 4010 Non
922 3969 1011 4010 eram
1047 3949 1149 4032 igitur
1185 3950 1300 4032 inique

289 4047 490 4120 tractandus
502 4046 556 4127 qui
571 4053 649 4108 tunc
659 4044 740 4108 illud
756 4046 958 4130 obsequium,
969 4068 1055 4109 nunc
1070 4047 1160 4111 istud
1175 4048 1300 4112 inferre

288 4153 446 4232 poteram.
464 4143 480 4206 I
483 4142 657 4225 nsipientia
668 4143 852 4218 obducitur,
864 4144 921 4227 qui
930 4144 1165 4209 commilitones
1177 4146 1299 4228 quibus
