2862 4870
285 430 326 492 64
602 451 714 495 smus.
735 449 977 494 uouunrsusrs

285 592 437 668 nuissem,
474 593 648 658 devicisses
686 594 994 660 Gassibellaunum:
1032 594 1084 658 eui
1118 603 1193 679 post
1231 596 1300 660 tri-

285 694 443 776 umphum
452 712 546 756 suum
560 701 654 758 tanta
666 693 801 777 irrepsit
815 693 976 777 superbia,
993 702 1032 758 ut
1045 715 1109 770 me,
1124 715 1298 779 perquem

283 791 507 875 triumphavit,
522 812 544 855 a
556 791 676 856 finibus
691 792 758 856 suis
772 792 992 858 exterminare
1005 792 1147 858 insistat.
1193 792 1298 858 Haec-

284 891 357 954 eine
371 911 450 976 ergo
464 889 582 954 merita
595 891 804 974 rependenda
818 889 954 956 essent?
999 890 1072 977 Ego
1087 892 1181 956 illum
1193 893 1297 957 here-

284 988 396 1065 ditari,
411 989 482 1072 ipse
495 1010 549 1053 me
563 989 763 1052 exheredare
778 997 925 1054 sonatur.
972 988 1046 1075 Ego
1060 990 1151 1054 illum
1166 991 1202 1054 in
1215 1013 1296 1077 reg-

284 1108 362 1150 num
379 1087 522 1152 seenndo
531 1087 674 1162 restitui,
689 1087 759 1170 ipse
769 1109 824 1151 me
841 1087 1020 1152 destituere
1039 1089 1182 1153 afferat.
1229 1087 1296 1155 Me

284 1187 406 1264 etenim
428 1194 544 1250 eontra
564 1193 600 1250 te
623 1193 801 1271 pugnante,
818 1185 927 1249 omnia
952 1186 1017 1250 ista
1041 1187 1182 1273 largitus
1204 1208 1292 1252 sum.

285 1283 430 1350 Numina
437 1285 590 1349 calorum
597 1293 702 1348 testor
710 1306 764 1348 me
774 1305 841 1348 non
851 1284 1071 1367 promeruisse
1078 1285 1164 1349 iram
1175 1286 1292 1370 ipsius,

284 1383 542 1468 nisi-promereri
556 1382 657 1459 dicar,
673 1383 750 1466 quia
773 1382 909 1468 diffugio
923 1390 1077 1467 nepotem
1095 1405 1206 1448 meum
1220 1392 1294 1450 tra-

284 1483 372 1559 dere,
388 1504 482 1566 quem
505 1481 630 1565 injusta
652 1502 732 1544 neae
755 1479 911 1545 damnare
936 1490 1081 1565 exoptat.
1130 1482 1231 1561 Quod
1253 1491 1294 1548 ut

283 1581 487 1646 manifestius
502 1579 690 1644 discretioni
704 1587 772 1643 ture
785 1578 918 1662 liqueat,
934 1600 1063 1642 eausam
1077 1580 1127 1643 rei
1142 1581 1291 1648 adverte.

285 1679 479 1764 Contigerat
492 1698 553 1741 nos
568 1677 610 1742 oh
625 1677 772 1741 letitiam
782 1677 940 1759 triumphi
950 1678 1056 1741 nostri
1067 1679 1293 1746 solemnitates

283 1777 398 1863 patriis
408 1776 470 1841 diis
485 1776 669 1841 oelehrare:
691 1775 727 1838 in
742 1774 855 1858 quibus
867 1796 940 1839 eum
951 1796 1022 1859 quae
1036 1777 1164 1862 agenda
1178 1787 1292 1843 essent

283 1876 521 1962 peregissemus
545 1875 710 1949 sacrificia,
730 1875 887 1958 juventus
910 1884 1025 1938 nostra
1044 1875 1141 1940 ludos
1155 1885 1290 1943 mutuos

283 1974 506 2059 eomponebat.
552 1972 644 2038 Inter
659 1980 785 2036 eeteros
811 1972 956 2036 inierunt
971 1971 1036 2036 duo
1059 1983 1198 2057 nepotes
1213 1997 1291 2041 nos-

281 2075 328 2142 tri
352 2073 547 2158 palestram,
578 2071 725 2156 exemplo
751 2071 890 2135 aliorum
921 2071 1082 2137 conducti.
1144 2073 1292 2160 Cumque

281 2193 374 2239 meus
386 2170 631 2256 triumphasset,
648 2189 820 2234 suooensus
832 2177 883 2233 est
897 2169 981 2233 alter
989 2169 1115 2253 injusta
1124 2170 1184 2249 ira,
1194 2173 1291 2238 festi·

281 2271 433 2354 nevitque
448 2289 521 2334 eum
534 2275 716 2352 pereutere.
761 2265 810 2331 At
823 2266 888 2343 ille,
904 2267 1008 2332 vitato
1023 2268 1102 2345 istu,
1119 2271 1205 2355 oepit
1214 2293 1291 2337 eum

281 2393 340 2456 per
354 2391 502 2456 pugnum
517 2388 578 2452 quo
600 2366 741 2452 gladium
763 2367 908 2442 tenebat,
924 2367 1036 2431 volens
1060 2390 1134 2433 eum
1148 2370 1288 2455 eripere.

282 2470 414 2535 Interea
428 2467 544 2532 eeeidit
558 2485 659 2548 nepos
673 2464 762 2549 regis
785 2484 881 2548 super
895 2486 1086 2530 mucronem
1100 2467 1289 2535 confossus-

281 2589 344 2654 que
358 2564 458 2631 morti
472 2563 642 2649 subjacuit
690 2560 778 2626 Illud
799 2562 908 2646 itaquo
922 2584 996 2627 oum
1010 2565 1083 2650 regi
1097 2566 1290 2632 nunciatum

281 2675 379 2743 esset,
394 2665 547 2750 praeoepit
568 2661 649 2726 mihi
662 2661 795 2725 tradere
809 2682 945 2745 puerum
963 2684 1082 2739 meum,
1099 2672 1138 2728 ut
1151 2686 1213 2748 pro
1228 2667 1288 2731 ho-

280 2763 410 2829 micidio
426 2760 582 2845 supplicio
593 2760 799 2843 plecteretur.
846 2757 1287 2841 Guieumoontradixissem,

280 2863 372 2928 venit
394 2881 466 2925 oum
491 2858 580 2924 omni
598 2857 804 2922 multitudine
831 2879 891 2922 sua
914 2859 950 2922 in
977 2860 1161 2943 provincias
1183 2884 1286 2941 meas,

280 2957 607 3024 maximaminferens
616 2955 885 3040 inquietudinem.
920 2955 1018 3021 Unde
1028 2958 1288 3025 misericordiam

279 3066 373 3122 tuam
385 3056 573 3139 implorans,
594 3055 753 3118 auxilium
767 3075 788 3118 a
801 3063 836 3119 te
850 3063 927 3137 peto
949 3063 987 3119 ut
1006 3077 1066 3140 per
1080 3065 1115 3121 te
1130 3058 1288 3144 dignitati

279 3176 359 3220 meae
373 3153 550 3219 restituar:
573 3161 607 3218 et
628 3161 665 3217 tu
686 3173 745 3236 per
766 3173 819 3216 me
842 3151 1017 3217 Britannia
1034 3154 1181 3236 potiaris.
1230 3156 1287 3222 De

277 3255 341 3319 hoo
363 3261 474 3318 autem
496 3253 577 3316 nihil
600 3253 635 3315 in
657 3272 711 3314 me
733 3250 946 3326 hesitaveris,
963 3251 1040 3335 quia
1063 3253 1169 3317 omnis
1191 3255 1288 3320 abest

279 3353 432 3438 proditio.
479 3351 530 3416 Ea
551 3352 639 3416 enim
661 3349 847 3415 conditione
862 3357 1036 3413 moventur
1057 3352 1225 3428 mortales,
1248 3363 1287 3418 ut

278 3460 355 3537 post
368 3451 553 3516 inimicitias
562 3449 657 3515 amici
667 3449 758 3526 fiant,
771 3456 805 3513 st
819 3456 894 3532 post
903 3448 1014 3534 fugam
1025 3450 1068 3513 ad
1081 3451 1286 3536 triumphum

279 3551 470 3617 aeosdant.”
