2862 4870
279 467 320 530 72
597 485 966 531 ammirorumssrs

277 628 381 694 uoluit
403 630 526 694 diutius
548 630 783 714 subjectionem
796 639 930 696 tenere:
954 630 1013 695 sed
1027 631 1160 695 sibimet
1175 603 1284 695 omrlia

277 728 468 792 vendicavit.
527 728 604 808 Quo
632 729 758 804 audito,
787 729 908 792 missus
937 737 989 793 est
1013 729 1240 813 Vespasianus
1265 749 1285 792 a

278 823 428 902 Claudio,
444 836 483 892 ut
497 827 698 913 Aruiragum
711 828 765 892 uel
777 827 965 911 paeifioaret
971 828 1025 892 uel
1035 827 1197 891 Romanae
1209 827 1285 890 sub-

272 922 410 1006 jectioni
438 927 639 992 restitueret.
686 926 772 991 Cum
801 927 904 1012 igitur
932 927 968 989 in
994 925 1125 1009 Rutnpi
1150 934 1285 1010 portum

275 1023 439 1106 applicare
448 1025 635 1109 inooepisset
644 1026 877 1109 Vespasianus,
887 1025 1031 1090 obuiauit
1042 1025 1073 1088 ei
1084 1023 1282 1109 Aruiragus,

274 1122 508 1207 prohibuitque
528 1145 571 1188 ne
594 1132 727 1207 portum
748 1124 987 1209 ingrederetur.
1034 1122 1179 1186 Tantam
1193 1144 1284 1187 nam-

276 1240 341 1304 que
355 1222 600 1286 multitudinem
613 1231 816 1287 armatorum
831 1222 1043 1298 eonduxerat,
1059 1231 1100 1285 ut
1121 1217 1284 1286 Romanis

275 1320 397 1382 terrori
425 1329 523 1396 esset,
551 1343 611 1385 neo
636 1321 678 1385 ob
704 1321 776 1404 ejus
799 1320 1016 1403 irruptionem
1038 1327 1162 1384 terram
1192 1320 1285 1384 adire

276 1417 446 1483 auderent.
493 1417 649 1483 Retraxit
663 1418 776 1501 itaque
791 1438 827 1482 so
841 1417 1064 1500 Vespasianus
1074 1437 1096 1480 a
1105 1424 1207 1500 portu
1215 1417 1282 1492 illo,

274 1516 475 1600 retortisque
489 1518 570 1581 uelis
584 1519 620 1581 in
643 1516 857 1582 Totoneeium
870 1516 966 1580 littus
979 1515 1146 1600 applicuit.
1194 1513 1230 1578 N
1230 1537 1283 1580 ao·

272 1621 328 1676 tus
348 1613 466 1679 deinde
490 1617 652 1690 tellurem,
682 1614 1026 1700 Kaerpen-Huelgoit,
1050 1634 1124 1697 quae
1151 1612 1284 1679 Exonia

274 1719 421 1788 uocatur,
437 1713 631 1778 obsessurus
639 1714 777 1778 eandem
790 1713 903 1778 adiuit.
950 1713 1101 1797 Cumque
1116 1733 1190 1776 eam
1210 1733 1282 1796 sep-

274 1817 343 1873 tem
357 1810 472 1876 diebus
487 1813 679 1887 obsedisset,
695 1813 885 1896 superuenit
898 1810 1083 1896 Aruiragus
1098 1833 1173 1875 eum
1188 1832 1282 1876 exer-

274 1908 343 1972 eitu
357 1928 428 1983 suo,
441 1909 656 1993 praliumque
670 1910 838 1975 commisit.
863 1908 931 1974 Die
944 1910 1001 1973 illa
1014 1910 1110 1973 ualde
1118 1910 1283 1973 laceratus

273 2006 340 2070 fuit
353 2014 571 2091 utrorumque
585 2008 760 2084 exereitus,
783 2008 842 2072 sed
862 2016 981 2072 neuter
1002 2008 1141 2072 uictoria
1154 2008 1282 2092 potitus

274 2112 335 2170 est.
381 2104 486 2170 Mane
513 2114 625 2170 autem
652 2107 751 2182 facto,
781 2106 946 2171 mediante
973 2104 1138 2171 Genuissa
1166 2107 1284 2192 regina

277 2204 454 2268 eonoordes
474 2204 582 2268 effecti
604 2212 682 2269 sunt
708 2205 818 2280 duoeS,
841 2195 876 2268 et
898 2203 1134 2268 oommilitones
1149 2225 1228 2268 suos
1250 2204 1286 2268 in

279 2298 475 2365 Hiberniam
488 2302 732 2388 ablegaverunt.
778 2301 907 2387 Hyeme
916 2323 994 2366 uere
1008 2322 1141 2365 emensa
1155 2301 1281 2387 Vespa-
1296 2377 1298 2382 ¹

277 2400 388 2465 sianum
404 2400 546 2466 Romam
560 2400 669 2476 rediit,
685 2409 721 2465 et
732 2400 961 2486 Aruiragusin
971 2398 1147 2464 Britannia
1154 2421 1281 2466 reman-

275 2501 328 2565 sit.
375 2499 507 2564 Deinde
531 2500 567 2563 in
596 2507 797 2564 senectutem
820 2519 970 2584 uergens,
1002 2499 1099 2582 ooepit
1128 2508 1281 2582 senatum

274 2600 422 2687 diligere,
448 2621 652 2685 regnumque
676 2619 773 2662 suum
796 2619 870 2661 oum
893 2617 972 2681 paee
987 2605 1021 2660 et
1039 2598 1281 2682 tranquillitate

271 2708 425 2774 mactare,
441 2698 530 2784 leges
552 2697 651 2760 etiam
674 2696 795 2761 ueteris
809 2695 996 2760 traditionis
1018 2696 1224 2772 confirmare,
1248 2706 1282 2762 et

274 2819 375 2863 nouas
398 2796 556 2869 inuenire,
571 2794 714 2858 maxima
737 2793 854 2878 cuique
876 2793 981 2878 probo
1001 2792 1137 2858 donaria
1159 2794 1282 2880 imper-

272 2896 371 2960 tiens.
416 2893 519 2958 Fama
532 2893 634 2979 igitur
649 2893 721 2977 ejus
735 2913 794 2977 per
804 2900 909 2955 totam
921 2890 1089 2974 Europam
1099 2891 1281 2976 diuulgata,

275 2993 455 3078 diligebant
469 3013 545 3056 eum
560 2990 702 3054 Romani
717 2999 751 3055 et
760 2990 931 3066 timebant,
941 2990 990 3054 ita
1002 2999 1040 3053 ut
1050 3011 1119 3074 prae
1130 2991 1284 3055 omnibus

273 3093 408 3179 regibus
428 3111 536 3154 sermo
561 3089 603 3153 de
628 3109 667 3153 eo
693 3087 809 3152 Romae
833 3087 938 3152 fieret.
985 3087 1083 3152 Unde
1110 3087 1282 3153 luvenalis

274 3213 395 3258 oaeoum
410 3189 573 3275 quendam
588 3187 714 3253 Neroni
726 3187 848 3251 dixisse
861 3187 897 3249 in
910 3186 995 3250 libro
1011 3207 1070 3250 suo
1085 3208 1281 3253 oommemo-

273 3299 338 3368 rat,
354 3311 428 3355 oum
444 3289 484 3354 de
499 3297 594 3373 eapte
607 3287 748 3351 rhumbo
762 3286 964 3369 loqueretur,
979 3284 1142 3368 inquiens,

396 3439 512 3516 Regem
527 3436 653 3516 aliquem
666 3435 762 3514 capies
775 3442 827 3492 aut
840 3431 876 3490 de
889 3441 1005 3489 temone
1015 3428 1159 3488 Britanno

396 3530 521 3590 Decidat
535 3527 708 3606 Aruiragus.

273 3673 395 3742 Nullus
407 3695 446 3738 eo
460 3673 495 3736 in
509 3671 595 3737 bello
609 3669 751 3734 ferocior
765 3667 840 3743 fuit,
853 3666 962 3732 nullus
977 3687 1056 3748 paee
1071 3666 1193 3742 mitior,
1206 3668 1280 3732 nul-

273 3776 324 3841 lus
332 3773 486 3861 jooosior,
502 3770 612 3836 nullus
627 3769 662 3831 in
677 3766 792 3831 dandis
807 3764 997 3828 muneribus
1008 3763 1184 3848 profusior.
1231 3765 1280 3830 At

273 3884 311 3939 ut
327 3874 396 3938 dies
411 3871 488 3936 uitae
503 3889 571 3933 suae
586 3867 739 3951 expleuit,
756 3865 903 3949 sepultus
918 3871 969 3927 est
986 3862 1278 3940 Claudio-cestriae,

273 3973 307 4034 in
323 3971 464 4055 quodam
478 3967 600 4050 templo
620 3965 709 4050 quod
732 3964 766 4026 in
789 3964 947 4025 honorem
963 3959 1094 4025 Claudii
1110 3960 1279 4026 dedicaue-

272 4081 326 4136 rat
341 4079 374 4136 et
389 4074 625 4134 construxerat.
