2848 4888
263 477 323 536 182
577 495 689 537 enirn.
704 493 945 537 nonvnrnnsrs

264 645 410 702 montem
424 657 541 702 versus
561 638 711 722 arripuit.
759 637 867 704 Tanta
886 659 1028 723 namque
1043 637 1169 702 virtute
1188 655 1270 722 prae-

265 737 412 812 valendo,
439 737 625 823 negligebat
661 745 776 802 contra
811 738 890 802 talia
917 746 1066 802 monstra
1094 736 1272 801 exercitum

267 834 405 900 ducere:
428 857 502 899 cum
518 843 552 900 et
570 836 659 920 ipsos
674 836 736 901 hoo
761 837 858 900 modo
876 837 1046 912 animaret,
1069 844 1103 900 et
1119 836 1208 900 solus
1231 833 1272 896 ad

264 933 320 998 illa
349 933 548 998 destruenda
577 934 752 1000 sufficeret.
796 933 844 1000 Ut
873 935 974 1021 igitur
1003 956 1104 1019 prope
1129 939 1274 996 montem

268 1040 438 1108 venerunt,
476 1039 675 1116 aspexerunt
711 1033 874 1118 quendam
910 1055 1028 1120 rogum
1062 1053 1162 1117 super
1200 1051 1274 1094 eum

269 1130 457 1195 ardentem:
480 1131 580 1193 alium
594 1151 673 1195 vero
685 1151 783 1214 super
797 1133 956 1196 minorem
972 1131 1029 1216 qui
1043 1152 1109 1195 uon
1120 1130 1220 1213 longe
1233 1127 1274 1191 ab

269 1229 373 1292 altero
389 1229 542 1294 distabat.
590 1228 791 1294 Dubitantes
815 1251 904 1316 crgo,
932 1251 1031 1314 super
1048 1250 1146 1313 quem
1163 1248 1275 1292 eorum

268 1327 433 1392 habitaret
446 1328 540 1416 gigas
552 1351 560 1391 :
584 1327 772 1391 Bedncrum
784 1329 930 1414 dirigunt
941 1337 979 1392 ut
988 1330 1036 1392 rei
1048 1326 1277 1392 certitudinem

270 1428 427 1511 exploret.
473 1425 521 1490 At
542 1426 596 1490 ille
619 1427 753 1491 inventa
778 1429 918 1511 quadam
941 1427 1099 1501 navicula,
1126 1425 1221 1509 prius
1236 1423 1278 1486 ad

270 1527 428 1589 minorem
443 1525 630 1610 navigavit:
654 1547 751 1609 quem
775 1526 870 1590 aliter
892 1526 1048 1609 nequibat
1067 1524 1169 1599 adire,
1199 1543 1278 1606 quo-

270 1623 359 1698 niam
388 1625 475 1688 intra
503 1645 594 1688 mare
624 1625 707 1688 situs
737 1632 818 1699 erat,
880 1624 983 1688 Cuius
1013 1645 1087 1688 oum
1124 1642 1280 1686 cacumen

271 1721 446 1806 incepisset
470 1725 655 1800 ascendere,
680 1724 793 1788 audito
815 1723 955 1808 desuper
970 1723 1120 1787 foemineo
1135 1722 1276 1796 ululatu,

272 1822 376 1904 primo
391 1823 571 1887 inhorruit:
595 1823 672 1907 quia
686 1823 857 1887 dubitabat
865 1831 1049 1886 monstrum
1059 1821 1141 1884 illud
1152 1820 1277 1884 adesse.

273 1916 442 1984 Revocata
455 1942 553 2006 ocyus
569 1922 714 1997 audacia,
726 1921 872 2006 gladium
887 1920 1080 2004 evaginavit,
1096 1927 1130 1982 et
1145 1939 1280 1982 ascenso

273 2018 411 2082 culmine
431 2019 512 2083 nihil
532 2021 622 2084 aliud
636 2021 757 2104 reperit
780 2029 901 2105 praeter
923 2042 1041 2106 rogum
1065 2041 1163 2103 quem
1188 2038 1281 2101 pros-

272 2124 417 2202 pexerat.
465 2116 613 2202 Inspexit
639 2140 770 2203 quoque
780 2120 944 2182 tumulum
970 2125 1117 2182 recenter
1143 2117 1278 2193 factum,

274 2223 307 2281 et
326 2216 425 2299 juxta
448 2237 533 2292 eum,
558 2217 724 2300 quandam
739 2239 838 2282 anum
859 2219 1001 2293 flentem,
1026 2225 1059 2281 et
1082 2216 1280 2299 ejulantem:

275 2335 348 2398 qum
377 2321 416 2377 ut
445 2335 520 2378 eum
546 2316 682 2399 aspexit,
714 2316 885 2380 confestim
910 2317 989 2380 fletu
1012 2315 1221 2399 impediente,
1248 2311 1282 2374 in

273 2412 361 2476 hunc
375 2412 509 2478 modum
524 2421 575 2477 est
589 2414 736 2498 profata:
762 2413 822 2480 “O
835 2415 948 2480 infelix
956 2416 1063 2489 homo,
1076 2413 1165 2498 quod
1179 2413 1283 2476 infor-

274 2511 404 2575 tunium
423 2519 458 2575 te
472 2511 507 2574 in
521 2512 609 2576 hunc
627 2513 735 2576 locum
751 2513 940 2578 subvectat!
988 2511 1019 2578 0
1046 2512 1282 2576 inenarrabiles

274 2611 391 2674 mortis
409 2632 519 2694 poenas
539 2633 693 2695 passure:
716 2613 850 2678 miseret
867 2635 920 2677 me
939 2613 1008 2677 tui:
1031 2613 1176 2688 miseret,
1205 2612 1283 2695 quia

275 2717 343 2773 tam
359 2709 550 2774 detestabile
564 2719 748 2774 monstrum
767 2712 881 2774 florem
891 2711 1076 2795 juventutis
1091 2719 1158 2774 tuae
1172 2711 1207 2773 in
1222 2711 1284 2774 hac

275 2816 371 2872 nocte
394 2817 571 2874 consumet.
618 2808 737 2874 Aderit
762 2831 903 2894 namque
933 2809 1202 2875 sceleratissimus
1229 2809 1284 2873 ille

275 2907 370 2970 invisi
386 2908 525 2994 nominis
539 2908 633 2993 gigas
653 2909 710 2993 qui
731 2918 863 2994 neptem
879 2910 979 2985 ducis,
1000 2931 1098 2994 quam
1117 2908 1216 2972 modo
1231 2908 1285 2972 hic

277 3004 481 3080 intumulavi,
512 3013 546 3070 et
574 3028 627 3070 me
653 3007 799 3073 altricem
827 3008 924 3084 illius,
955 3007 990 3071 in
1021 3008 1108 3070 hunc
1138 3014 1285 3074 montem

278 3101 434 3167 advexit:
457 3105 515 3196 qui
529 3105 674 3170 inaudito
692 3107 807 3171 mortis
822 3128 942 3192 genere
961 3113 996 3170 te
1009 3106 1131 3189 absque
1154 3113 1286 3174 cuneta-

277 3199 364 3264 mine
385 3202 511 3269 afficiet.
559 3204 650 3269 Proh
671 3206 781 3270 tristia
800 3204 888 3270 fata!
913 3204 1118 3270 serenissima
1141 3204 1283 3280 alumna,

278 3308 410 3384 recepto
441 3302 530 3366 intra
557 3305 772 3368 tenerrimum
801 3313 915 3389 pectus
944 3305 1073 3378 timore,
1104 3302 1183 3366 dum
1214 3323 1286 3368 eam

277 3397 440 3463 nefandus
477 3401 532 3464 ille
562 3403 821 3487 amplecteretur,
851 3403 953 3467 vitam
983 3401 1182 3466 diuturniori
1216 3400 1287 3464 lnce

279 3497 411 3582 dignam
431 3500 546 3564 finivit.
599 3500 647 3565 Ut
669 3502 771 3586 igitur
790 3502 889 3576 illam,
906 3523 975 3586 quae
1000 3508 1072 3564 erat
1096 3499 1177 3566 mibi
1203 3499 1287 3568 alter

279 3597 423 3680 spiritus,
449 3599 554 3662 altera
567 3600 645 3675 vita,
670 3601 773 3664 altera
789 3600 924 3678 dulcedo
946 3598 1172 3683 jucunditatis,
1199 3597 1287 3662 foedo

279 3697 367 3760 coitu
383 3717 442 3760 suo
458 3697 631 3782 deturpare
644 3699 800 3782 nequivit,
817 3699 1009 3769 detestanda
1022 3717 1141 3774 venere
1157 3717 1288 3761 succen-

279 3814 345 3868 sus,
366 3795 446 3857 mihi
470 3795 581 3860 invitae
604 3795 729 3880 (Deum
755 3805 788 3862 ct
815 3805 1013 3862 senectutem
1035 3817 1141 3860 meam
1166 3795 1286 3879 testor)

278 3892 345 3956 vim
369 3900 403 3957 et
420 3893 608 3958 violentiam
633 3896 781 3981 ingessit.
836 3895 939 3981 Fuge,
964 3896 1079 3960 dilecte
1105 3895 1161 3970 mi,
1185 3893 1285 3979 fuge:

277 4011 319 4056 ne
335 3991 363 4054 si
378 4013 469 4056 more
484 4014 544 4057 suo
559 4015 686 4058 mecum
701 3996 847 4059 coiturus
863 3995 1042 4070 advenerit,
1057 4002 1092 4058 te
1106 3995 1168 4057 hoc
1187 3992 1285 4056 modo

277 4097 445 4172 repertum
467 4092 644 4158 miserabili
664 4094 751 4158 caede
767 4094 931 4159 dilaniet.’'
977 4093 1025 4158 At
1039 4093 1102 4167 ille,
1127 4098 1285 4176 quantum

277 4189 429 4258 humanm
451 4198 578 4255 naturae
598 4192 750 4275 possibile
766 4201 827 4270 est,
855 4201 1046 4270 commotus,
1074 4213 1145 4256 eam
1171 4189 1284 4263 amicis
