2848 4888
381 417 537 463 maroam
557 418 632 463 aas.
645 417 728 463 narr.
749 417 812 462 nra.
833 417 903 462 vm.
1088 401 1148 462 143

136 564 307 640 carebant,
337 563 521 628 domesticis
547 563 616 628 suis
630 561 780 648 largitur,
796 570 835 626 nt
857 529 904 627 eis
927 560 1075 648 obsequii
1097 563 1148 627 sui

12 687 14 716 ι
135 664 287 728 laborem
302 668 540 727 remuneraret.
586 659 764 726 Evaeuatae
777 668 873 725 erant
888 659 960 726 dua
976 657 1148 746 Metropo-

135 762 248 826 litanae
277 760 384 836 sedes
410 759 550 824 Eboraci
575 759 724 825 videlicet
743 767 778 824 et
802 759 895 824 urbis
919 759 1113 845 Legionum,
1128 780 1150 824 a

137 858 331 943 pastoribus
346 859 436 924 suis:
468 858 588 942 quibus
610 857 773 923 communi
798 858 994 941 populorum
1015 857 1150 921 oonsilio

12 1023 14 1060 ξ
138 958 313 1022 consulere
327 957 451 1032 rolens,
467 955 627 1021 concessit
653 954 840 1021 Eboracum
857 955 1007 1020 Samsoni
1029 955 1150 1022 illustri

137 1056 221 1131 viro,
238 1075 434 1139 summaque
455 1055 612 1141 religione
626 1054 771 1119 famoso:
793 1052 909 1119 urbem
927 1073 1008 1120 vero
1030 1051 1150 1138 Legio

138 1173 220 1217 num
236 1151 412 1229 Dubrioio‚
428 1174 524 1236 quem
547 1152 658 1216 divina
676 1151 881 1236 providentia
901 1151 936 1216 in
951 1150 1066 1218 eodem
1078 1151 1152 1217 loeo

138 1251 357 1335 profuturum
370 1252 524 1337 elegerat.
571 1249 722 1334 Cumque
735 1251 804 1314 haee
818 1258 852 1314 et
863 1259 973 1314 cetera
993 1248 1027 1316 in
1047 1269 1151 1335 regno

12 1359 13 1362 ’
140 1371 200 1414 suo
213 1349 408 1414 statuisset:
431 1348 585 1432 pracepit
601 1346 746 1412 Merlino
767 1347 891 1432 lapides
906 1347 991 1412 circs
1005 1348 1151 1435 sepultu-

139 1469 213 1514 ram
229 1448 369 1534 erigere‚
386 1467 468 1532 quos
484 1467 525 1510 ex
549 1445 712 1510 Hibernia
734 1453 970 1530 asportaverat.
1027 1444 1075 1509 At
1096 1445 1151 1510 ille

12 1575 14 1630 g
139 1547 316 1633 praeceptis
337 1544 408 1629 ejus
430 1544 595 1620 obediens,
612 1544 726 1608 eodem
740 1545 837 1608 modo
854 1565 918 1628 quo
940 1544 975 1607 in
1002 1542 1150 1607 Killarao

140 1654 255 1710 monte
272 1643 442 1708 Hibernia
456 1643 555 1727 positi
570 1643 714 1719 fuerant,
731 1644 835 1709 erexit
856 1643 930 1707 illos
945 1643 1030 1707 circa
1044 1643 1150 1726 sepul·

141 1753 276 1810 turam:
300 1752 334 1810 et
348 1744 515 1829 ingenium
529 1744 646 1808 virtuti
660 1745 836 1828 praevelere
851 1743 1083 1827 comprobavit.

224 2002 240 2083 ξ
264 2004 313 2064 13.
334 2018 523 2063 resonamus
538 2017 676 2062 suasus
695 2017 815 2062 munau
829 2018 863 2060 m
877 2015 1070 2062 narramus

550 2123 751 2168 mrnonnmr.

157 2278 187 2325 3
219 2278 265 2314 5
339 2272 394 2315 23.
448 2234 593 2302 ODEM
626 2243 775 2320 tempore
809 2234 1002 2300 Pasoentius
1032 2233 1150 2300 Vorte

194 2340 237 2391 5
305 2400 320 2423 -..
446 2332 1149 2421 girnifilius,quiinGermaniamdiffugerst‚

351 2410 390 2496 l*
447 2432 670 2498 commovebat
685 2454 814 2497 omnem
835 2442 996 2498 armatum
1015 2433 1151 2497 militem

159 2601 179 2618 ,Ι
230 2600 235 2611 2
385 2550 392 2581 ²-
447 2531 533 2596 illius
556 2532 650 2618 regni
672 2531 708 2594 in
734 2531 905 2597 Aurelium
927 2530 1148 2607 Ambrosium,

177 2662 181 2669 ¹
220 2666 241 2697 a
446 2638 640 2714 patremque
676 2650 773 2694 suum
807 2630 973 2695 vindicare
1009 2629 1148 2695 volebat.

159 2739 177 2746 “
449 2727 669 2793 Promittebat
698 2737 808 2794 autem
837 2730 995 2794 infinitam
1025 2728 1151 2812 copiam

145 2827 218 2891 auri
247 2832 282 2890 et
311 2827 459 2911 argenti:
498 2827 526 2890 si
555 2828 676 2890 auxilio
705 2848 819 2891 eorum
853 2827 1059 2892 Britanniam
1089 2826 1151 2891 sibi

146 2925 354 2990 subdidisset.
412 2923 565 3009 Denique
585 2948 659 2990 cum
683 2927 851 3010 promissis
878 2928 946 2992 suis
965 2926 1152 2991 universam

142 3025 350 3109 juventutem
379 3023 589 3108 corrupisset,
616 3025 745 3109 paravit
770 3025 948 3090 maximum
973 3024 1151 3111 navigium,

146 3123 365 3206 applicuitque
400 3121 658 3206 Aquilonaribus
693 3124 808 3188 insulae
837 3124 994 3208 partibus,
1028 3145 1067 3188 ac
1096 3145 1153 3188 eas

147 3229 277 3286 vastare
288 3220 431 3304 incoepit.
484 3219 636 3312 Cumque
647 3220 729 3284 illud
738 3222 810 3307 regi
819 3222 1010 3288 nunciatum
1020 3222 1150 3297 fuisset,

147 3321 276 3407 collegit
292 3319 472 3384 exercitum
495 3341 601 3395 suum,
618 3320 812 3404 obviamque
827 3321 873 3386 eis
893 3322 1039 3405 perrexit
1053 3329 1153 3405 atque

146 3421 315 3485 saericntes
329 3419 441 3484 hostes
456 3419 499 3482 ad
513 3419 661 3502 praelium
675 3419 875 3502 provocavit.
923 3420 991 3500 Qui
1005 3421 1094 3484 ultro
1109 3419 1152 3483 ad

147 3517 267 3582 bellum
293 3517 471 3592 venientes,
492 3516 725 3582 commiserunt
747 3538 821 3581 cum
843 3517 968 3583 civibus
988 3540 1152 3604 pugnam:

149 3617 204 3680 sed
217 3617 349 3682 volente
365 3615 439 3680 Deo
455 3615 574 3680 devicti
595 3616 742 3692 fuerunt,
759 3623 793 3680 et
807 3615 841 3679 in
856 3616 969 3702 fugam
984 3618 1151 3703 compulsi.
