2848 4888
401 508 556 554 mororum
570 508 643 550 aas.
658 507 739 548 narr.
755 507 817 549 nra.
829 507 859 548 x.
1079 489 1138 549 183

132 654 261 719 sedavit
274 651 395 729 verbis,
416 659 450 717 et
464 651 623 736 promisso
637 651 824 717 festinantis
844 649 957 714 auxilii
972 649 1138 726 solamine,

133 755 174 818 ad
204 753 368 816 Arturum
395 770 548 816 reversus
579 759 638 826 cst,
676 759 710 814 et
739 750 848 814 omnia
877 771 942 832 qua
970 749 1141 815 invenerat

133 851 299 916 indicavit.
346 849 489 915 Arturus
510 858 620 914 autom
638 870 751 913 casum
773 850 987 934 ingemiscens
1013 848 1139 931 puellae,

133 951 287 1035 praecepit
310 950 357 1014 eis
381 958 419 1013 ut
441 950 503 1013 sibi
530 950 590 1014 soli
613 949 705 1012 illum
725 949 878 1012 invadere
893 949 1139 1032 permitterent:

134 1051 192 1114 sed
221 1050 252 1114 si
275 1049 452 1113 necessitas
478 1049 649 1123 accideret,
680 1049 715 1110 in
738 1049 894 1112 auxilium
916 1049 1139 1131 procedentes,

131 1149 269 1212 viriliter
285 1149 554 1234 aggrederentur.
600 1146 806 1210 Direxerunt
819 1146 895 1210 inde
906 1147 968 1210 iter
983 1146 1026 1209 ad
1039 1148 1141 1231 majo-

130 1267 200 1310 rem
215 1255 372 1322 montem,
397 1254 431 1310 ct
445 1267 548 1330 equos
563 1267 640 1310 suos
655 1244 825 1329 armigeris
848 1244 1089 1320 commiserunt,
1106 1254 1140 1309 et

135 1365 209 1409 cum
233 1343 363 1408 Arturo
386 1344 591 1428 precedente
613 1343 839 1408 ascenderunt.
884 1342 1012 1406 Aderat
1031 1350 1142 1405 autem

135 1444 336 1507 inhumanus
354 1443 408 1506 ille
431 1443 474 1506 ad
492 1442 612 1528 ignem,
639 1441 742 1506 illitus
762 1463 821 1506 ora
839 1441 916 1506 tabo
943 1461 1143 1506 semesorum

134 1561 321 1626 porcorum,
343 1561 423 1624 quos
439 1542 559 1624 partim
574 1541 798 1615 devoraverat,
818 1540 940 1624 partim
954 1560 1032 1604 vero
1047 1560 1143 1603 veru-

134 1640 195 1704 bus
209 1640 330 1703 infixos
349 1639 525 1722 suppositis
549 1639 662 1722 prunis
685 1640 843 1703 torrebat.
890 1637 974 1701 Mox
998 1645 1037 1700 ut
1059 1637 1142 1713 illos,

134 1739 215 1802 nihil
230 1739 298 1802 tale
309 1738 563 1823 praemeditatus,
579 1738 716 1821 aspexit,
732 1737 901 1801 festinavit
913 1738 1038 1802 clavam
1052 1757 1145 1800 suam

134 1857 276 1912 sumere,
309 1858 405 1921 qnam
442 1838 506 1900 duo
532 1838 671 1920 juvenes
710 1839 764 1902 vix
797 1859 818 1902 a
849 1846 940 1901 terra
969 1839 1143 1922 erigerent.

136 1935 335 2022 Evaginavit
351 1957 429 2021 ergo
444 1957 503 2000 rex
518 1936 663 2020 gladium
678 1956 780 2012 suum,
797 1943 831 1999 et
845 1943 1007 2020 pratense
1023 1936 1144 2020 clypeo,

136 2043 300 2120 quantum
315 2034 469 2098 velocitas
489 2035 626 2110 sinebat,
651 2036 847 2118 properabat
865 2056 940 2098 eum
954 2034 1145 2118 praepedire,

136 2144 314 2218 antequam
334 2134 457 2198 clavam
477 2135 625 2218 cepisset.
672 2134 720 2198 At
739 2135 793 2198 ille
808 2157 874 2198 non
888 2135 1023 2219 ignarus
1045 2133 1147 2197 medi-

136 2234 283 2308 tationis,
296 2233 366 2315 jam
381 2241 512 2316 ceperat
527 2255 608 2309 eam,
636 2255 811 2320 regemque
826 2235 1020 2319 interposito
1036 2233 1147 2318 clypeo

137 2342 232 2398 tanto
258 2332 422 2417 percussit
444 2333 621 2408 conamine,
647 2334 734 2417 quod
763 2334 873 2397 sonitu
902 2334 985 2397 ictus
1015 2341 1049 2396 et
1077 2339 1149 2396 tota

137 2434 253 2498 littora
266 2432 416 2516 replevit,
444 2440 478 2495 01
500 2453 595 2496 aures
616 2433 763 2516 ejusdem
789 2434 878 2497 ultra
896 2433 1030 2496 modum
1051 2432 1150 2495 hebe-

138 2533 232 2596 tavit.
280 2533 424 2594 Arturus
438 2553 517 2595 vero
537 2532 605 2595 acri
618 2532 788 2616 ignescens
803 2533 863 2607 ira,
884 2540 993 2596 erecto
1008 2531 1043 2594 in
1057 2530 1148 2593 fron-

137 2639 207 2695 tem
227 2630 331 2714 ipsius
350 2651 438 2706 ense,
454 2630 573 2693 vulnus
595 2630 718 2706 intulit,
742 2632 875 2695 tametsi
903 2652 969 2694 non
997 2629 1146 2705 mortale,

139 2730 225 2793 unde
240 2737 352 2792 tamen
367 2729 499 2814 sanguis
522 2729 689 2792 infaciem
705 2737 738 2792 et
760 2730 870 2792 oculos
886 2729 957 2811 ejus
972 2727 1147 2812 profluens

141 2827 290 2911 ejusdem
305 2828 477 2891 excaecavit
488 2827 600 2891 aciem.
648 2826 896 2910 Interposuerat
921 2849 1062 2910 namque
1085 2828 1148 2891 cla-

140 2947 215 2988 vam
231 2925 321 3000 ictui,
343 2933 376 2988 01
390 2923 533 2988 frontem
549 2946 642 2988 suam
662 2947 682 2988 a
696 2925 786 2989 letali
808 2927 940 3010 vulnere
954 2926 1147 2989 muniverat.

142 3024 335 3088 Excaecatus
350 3032 460 3086 autem
480 3023 663 3107 profluente
683 3024 850 3109 sanguine,
871 3024 977 3088 acrior
997 3024 1148 3110 insurgit,

142 3131 175 3188 et
189 3123 282 3186 velut
302 3143 380 3204 aper
396 3122 535 3186 evadens
555 3143 614 3206 per
629 3124 821 3187 venabulum
840 3124 874 3186 in
888 3131 1087 3199 venatorem,
1103 3124 1151 3187 ita

142 3221 239 3286 irruit
261 3241 320 3304 per
335 3219 477 3304 gladium
493 3220 526 3282 in
543 3241 665 3305 regem,
683 3230 716 3284 et
734 3222 974 3306 complectendo
995 3244 1071 3286 eum
1092 3241 1150 3305 per

142 3319 298 3394 medium,
325 3319 431 3404 coegit
461 3340 533 3382 eum
562 3341 671 3404 genua
698 3320 790 3383 humi
819 3321 959 3384 flectere.
1005 3319 1149 3383 Arturus

142 3419 253 3502 itaque
279 3425 432 3482 revocata
455 3418 586 3494 virtute,
615 3440 711 3504 ocyus
741 3419 899 3485 elabitur:
937 3426 971 3482 et
1000 3419 1149 3482 celeriter

142 3539 229 3583 nunc
243 3517 321 3581 hinc
335 3537 421 3579 nunc
436 3516 524 3581 illine
543 3516 721 3582 nefandum
739 3519 849 3603 gladio
865 3518 1068 3582 diverberat:
1091 3537 1151 3581 neo

142 3616 316 3700 requievit,
343 3615 446 3679 donec
467 3617 557 3680 letali
571 3617 707 3681 vulnere
726 3618 816 3682 illato
840 3625 945 3681 totum
960 3634 1150 3679 mucronem

143 3715 244 3799 capiti
273 3715 448 3798 impressit,
490 3736 555 3798 qua
585 3716 755 3780 cerebrum
789 3724 876 3780 testa
905 3715 1147 3801 protegebatur.

144 3812 350 3877 Exclamavit
363 3834 441 3877 vero
451 3812 573 3877 invisus
588 3814 652 3890 ille,
675 3823 709 3878 et
723 3814 811 3879 velut
827 3836 964 3899 quercus
979 3822 1150 3878 ventorum

143 3915 268 3978 viribus
296 3913 469 3988 eradicata,
497 3935 570 3978 cum
595 3915 735 3979 maximo
760 3917 869 3979 sonitu
895 3916 1028 3980 corruit.
1074 3914 1150 3978 Rex
1249 3899 1258 3916 ’

143 4013 227 4076 illico
243 4012 279 4074 in
293 4011 396 4074 risum
413 4011 549 4087 solutus
571 4013 724 4097 praecepit
747 4012 900 4077 Beduero
925 4021 1096 4098 amputare
1120 4014 1151 4079 ei

143 4119 250 4195 caput,
279 4118 312 4174 01
336 4111 414 4174 dara
443 4111 501 4174 uni
531 4112 769 4196 armigerorum
798 4113 840 4176 ad
867 4113 1079 4180 deferendum
1108 4113 1151 4178 ad

144 4218 271 4275 castra:
305 4216 343 4272 ut
369 4208 588 4294 spectaculum
612 4209 825 4276 intuentibus·
839 4211 940 4277 fieret.
989 4211 1151 4296 Praecepit
