2872 4876
325 439 479 493 usmis.
503 437 695 493 merorum
716 439 790 494 um.
813 439 865 494 1v.
1068 421 1113 496 25

2 625 3 680 3
103 592 166 680 qui
190 593 229 667 in
254 591 371 681 prime
396 613 587 681 eeugressu
604 598 810 681 peremptus
834 599 892 667 est
916 591 1111 668 aNeuuio.

104 692 268 779 Denique
282 693 399 766 multa
412 699 512 779 parte
527 692 598 766 diei
617 716 770 781 emensa,
791 691 1011 766 irruentibus
1032 692 1113 766 Bri-

103 793 260 880 touibus,
284 790 420 866 strictis
430 791 572 880 turmis,
594 798 632 866 et
646 792 797 866 audaees
812 793 968 879 impetus
982 791 1114 866 faeieu-

103 891 204 964 tibus
227 891 388 980 victoria,
409 890 613 966 faventibus
641 892 710 966 diis
731 892 915 980 prevenit:
938 898 976 966 et
1001 892 1113 967 Gesar

2 1007 3 1040 ³
105 989 383 1078 seseiueastra,
404 997 442 1064 et
460 1013 569 1064 naves
585 1015 669 1064 suas
690 990 858 1066 laceratis
869 990 1043 1065 Romanis
1058 1013 1113 1065 re-

2 1095 11 1158 f
103 1088 209 1175 oepit
234 1089 371 1163 Deinde
384 1096 488 1164 uoete
499 1089 755 1164 illaresoeiatis
766 1090 871 1164 seeiis
881 1113 989 1163 naves
1000 1089 1113 1163 iutra-

2 1227 3 1244 2
104 1187 169 1277 vit,
200 1195 239 1262 et
265 1188 476 1277 Neptunum
497 1213 563 1278 pre
587 1189 717 1264 eastris
742 1213 781 1264 se
799 1189 931 1264 habere
955 1189 1112 1264 latetur.

1 1426 2 1472 i
131 1454 158 1483 aa
179 1439 332 1478 Q
392 1403 553 1473 uunQuu
574 1386 909 1464 sibidissuasisseut
927 1387 1114 1476 seeiipra-

160 1482 200 1567 ῗ
296 1460 373 1523 ᾖ
392 1487 441 1562 lio
473 1486 610 1562 diutius
637 1489 867 1578 eeuieuderee
888 1488 1114 1577 acquiescens

126 1604 127 1607 ’
200 1592 289 1689 »ζ
391 1587 646 1664 monitionibus
665 1611 788 1662 eorum
807 1609 972 1664 reversus
993 1594 1052 1662 est
1075 1588 1114 1662 iu

1 1741 2 1766 1
125 1692 128 1695 ‘
183 1748 184 1753 ,
392 1685 559 1763 Galliam.
604 1686 895 1760 cassibellauuus
908 1709 992 1762 vere
1006 1688 1116 1762 ebre-

124 1776 142 1875 ³'„
172 1834 281 1883 ξ
292 1800 374 1869 ἕ
391 1791 534 1871 ceptum
544 1784 769 1872 triumphum
783 1784 899 1872 latus,
915 1784 1114 1873 gratesdiis

142 1882 151 1903 '‘
188 1882 262 1923 ’ἶ
390 1884 608 1972 consolans,
631 1884 745 1958 aoeies
769 1883 1114 1972 uoaaaejeonvoea»

1 1981 2 1990 ¹
107 1987 170 2076 vit,
193 1984 534 2073 etquemquejuxta
543 1983 713 2060 meritum
723 1983 924 2073 probitatis,
945 1983 1114 2056 maximis

1 2126 2 2155 η
107 2086 316 2160 muneribus
338 2083 493 2158 donavit.
538 2083 751 2171 Augebatur
778 2090 901 2156 tamen
925 2083 1043 2157 dolere
1069 2108 1115 2157 ex
1182 2141 1185 2152 .

108 2183 405 2273 ulia,parte,qued
415 2183 626 2261 frateusuus
649 2181 813 2257 Neuuius
824 2180 983 2254 letaliter
992 2181 1116 2256 vidue-

1 2289 2 2320 ³
106 2292 210 2360 ratus
227 2285 266 2358 iu
291 2283 399 2358 dubio
421 2281 505 2358 vita
529 2283 682 2370 jacebat.
740 2280 1002 2354 Vulneraveret
1020 2279 1115 2354 euim

1 2449 2 2454 ,
107 2383 211 2458 illum
228 2383 352 2458 Julius
368 2382 489 2456 Caesar
503 2381 541 2454 iu
556 2404 664 2468 supra
675 2379 769 2453 dieto
778 2403 977 2468 congressu,
993 2387 1030 2454 et
1040 2379 1117 2469 pla

1 3091 3 3236 l

109 2507 191 2572 gum
214 2481 512 2556 immedicabilem
534 2480 718 2567 intulerat,
744 2478 838 2552 uude
861 2500 927 2553 xv.
947 2479 1004 2553 die
1022 2487 1116 2568 pest

108 2583 223 2655 vitam
237 2588 353 2655 morte
368 2579 611 2667 eommutavit,
633 2585 672 2652 et
692 2578 730 2652 iu
752 2580 840 2652 turbe
856 2578 1115 2653 Triuevautum

105 2682 216 2770 juxta
229 2687 371 2768 portam
380 2679 637 2766 Aquilouarem
647 2677 809 2765 sepultus
824 2685 890 2752 est
934 2678 1116 2766 Exequias

1 2809 2 2818 ¹
110 2788 233 2855 autem
247 2779 364 2868 regias
385 2779 567 2867 facientes,
588 2784 785 2865 pesuerrmt
806 2801 887 2849 eum
902 2801 944 2851 ee
957 2779 1117 2866 gladium

111 2878 264 2954 Caesaris
278 2879 317 2953 iu
329 2879 553 2967 sarcophago,
568 2876 720 2964 quemiu
732 2875 895 2962 clypeum
910 2900 1015 2950 suum
1029 2901 1118 2966 pug-

1 3026 2 3036 1
109 3003 200 3055 uuus
209 2978 514 3054 retinuerat:erat
522 3001 649 3051 nemen
659 2974 767 3063 gladii
777 2975 1022 3064 noceamus,
1032 2976 1117 3063 quia

109 3079 233 3152 uullus
242 3079 425 3167 evadebat,
435 3077 638 3165 quivixillo
646 3075 845 3149 laederetur.
876 3074 991 3165 Terga
1004 3076 1117 3165 igitur

110 3185 273 3252 vertente
283 3177 309 3252 J
312 3177 395 3266 ulio,
410 3184 449 3251 et
461 3176 499 3250 iu
509 3174 994 3264 Ganauanaoraappula,
1004 3176 1117 3250 rebel-

110 3276 242 3351 lionem
251 3276 449 3350 moliuntur
459 3275 566 3364 Galli,
576 3272 771 3349 domiuimu
783 3273 809 3348 J
812 3273 877 3347 ulii
898 3275 1116 3364 abjicientes,

112 3377 381 3452 arbitrabamur
388 3400 540 3463 namque
548 3375 667 3462 ipsum
675 3372 729 3447 ita
739 3372 975 3463 debilitatum,
987 3382 1029 3448 ut
1037 3376 1119 3447 uul-

112 3478 255 3552 lateuus
270 3476 322 3550 eis
337 3475 491 3563 emplius
505 3473 628 3548 timori
642 3479 746 3547 esset.
769 3471 883 3546 Fama
898 3473 1007 3547 etium
1022 3473 1117 3561 apud

111 3600 235 3650 omues
250 3599 323 3648 uua
336 3583 375 3650 et
388 3574 511 3649 eadem
525 3579 614 3662 erat,
631 3579 750 3646 tetum
764 3596 863 3646 mare
872 3572 951 3660 jam
964 3573 1116 3647 navibus

113 3675 375 3750 Oassibellauui
403 3674 549 3762 fervere,
578 3673 701 3761 fugam
729 3671 843 3758 ipsius
868 3672 1115 3746 insectaturis:

113 3775 206 3848 uude
218 3773 421 3848 audaciores
431 3773 639 3847 insistentes
648 3770 851 3861 cogitabant
860 3797 929 3860 quo
939 3772 1117 3848 Caesarem

112 3899 134 3948 a
147 3874 279 3950 fluibus
290 3897 413 3950 eorum
426 3878 598 3948 areereut.
