2872 4876
370 378 524 433 sarrin.
548 378 739 434 msronnn
761 380 834 434 nra.
859 382 909 434 rv.
1099 366 1144 438 23

134 529 303 604 bellauno
325 531 401 621 regi
422 532 638 622 mandasset,
660 533 867 623 indignatus
889 541 947 610 cst
967 535 1145 611 Cassibel-

132 629 274 720 launus,
290 639 328 706 et
341 632 466 706 literas
482 632 527 706 ad
538 657 621 706 eum
634 634 673 708 in
687 633 763 708 haec
777 637 886 708 verba
900 635 1042 710 direxit.

160 876 281 917 ,μι
327 899 411 925 ἐ
452 850 603 907 IRANDA
618 840 684 920 est,
700 835 830 922 Caesar,
841 833 883 907 P.
896 833 942 908 R.
961 833 1148 923 cupiditas,

193 968 243 1015 s:-
327 956 414 1023 ³²}
453 931 514 1017 qui
526 932 694 1020 quicquid
704 933 783 1006 anri
793 933 851 1006 vel
862 932 1001 1021 argenti
1010 931 1147 1026 sitiens,

161 1022 224 1101 ὃ
325 1028 342 1089 ‘t
351 1030 400 1093 ἴ]
452 1031 577 1117 nequit
596 1030 892 1118 nosinparticula
900 1030 1032 1105 Oceani
1043 1036 1147 1103 extra

247 1152 305 1197 :t
390 1178 411 1214 ,
451 1130 572 1204 orbem
586 1131 721 1218 positos
730 1131 817 1219 pati,
833 1130 919 1218 quin
929 1153 1056 1203 census
1066 1152 1148 1201 nos-

191 1284 201 1323 Ξ
266 1234 305 1317 ξ’
390 1224 411 1344 ξ
450 1233 527 1302 tros
547 1236 711 1316 appetere
734 1234 939 1315 praesumat,
961 1252 1049 1314 quos
1063 1227 1147 1300 hac-

162 1326 231 1380 “ῗ““’
320 1334 416 1389 ἐξ
449 1348 555 1414 tenus
564 1327 683 1414 quiete
691 1326 921 1414 possedimus,
930 1350 995 1400 nec
1004 1324 1146 1413 quidem

129 1427 275 1516 sufficit,
297 1427 369 1500 nisi
391 1425 592 1515 postposita
620 1426 788 1499 libertate
816 1425 1073 1513 subjectionem
1093 1425 1144 1498 cis

130 1525 305 1600 faciamus
323 1533 532 1614 perpetuam
554 1524 764 1599 servitutem
784 1523 963 1597 subiituri.
1009 1523 1145 1611 Oppre-

129 1625 252 1699 brium
262 1627 332 1698 tibi
342 1624 503 1713 petivisti
515 1624 636 1698 Caesar
644 1648 726 1697 cum
736 1622 933 1696 communis
942 1623 1144 1697 nobilitatis

129 1749 222 1798 vena
247 1724 458 1798 Britonibus
480 1730 518 1797 et
541 1723 714 1796 Romanis
739 1723 784 1794 ab
805 1721 922 1796 AEnea
940 1722 1084 1811 defluat,
1107 1731 1145 1797 et

129 1823 293 1912 ejusdem
302 1822 521 1911 cognationis
536 1847 609 1895 una
619 1829 657 1894 et
665 1821 787 1895 eadem
798 1828 924 1896 catena
933 1823 1144 1913 praefulgeat

129 1947 201 2010 qua
214 1922 254 1994 in
274 1922 416 1995 firmam
435 1921 630 1996 amicitiam
645 1919 813 2008 conjungi
832 1919 1019 1997 deberent:
1042 1924 1143 1998 illae

130 2020 234 2095 nobis
255 2020 408 2108 petenda
423 2028 489 2110 est,
510 2045 581 2093 non
602 2020 776 2107 servitns3
798 2020 967 2104 quoniam
982 2046 1060 2096 eam
1082 2049 1144 2111 po·

130 2121 205 2194 tius
220 2119 345 2208 largiri
364 2118 562 2208 didicimus,
579 2144 686 2206 quam
702 2116 887 2192 servitutis
894 2121 1023 2208 jugum
1037 2122 1140 2211 ferre,

130 2219 336 2294 libertatem
356 2243 509 2305 namque
524 2218 561 2290 in
576 2225 720 2292 tantum
735 2219 983 2293 consuevimus
998 2221 1139 2310 habere,

131 2317 225 2405 quod
239 2340 386 2404 prorsus
407 2317 611 2406 ignoramus
633 2317 718 2404 quid
738 2317 787 2391 sit
808 2317 975 2392 servituti
988 2320 1140 2409 obedire,

131 2441 240 2504 quam
256 2416 288 2488 si
296 2416 427 2503 ipsidii
439 2424 652 2490 conarentur
662 2418 763 2492 nobis
776 2419 921 2506 cripere,
943 2418 1140 2493 elaborare-

130 2539 213 2588 mus
232 2515 357 2602 utique
378 2515 475 2590 omni
496 2516 580 2589 nisu
600 2515 779 2608 resistere,
801 2526 845 2592 ut
869 2542 948 2591 eam
969 2518 1140 2593 retinere·

155 2886 248 2926 &A
267 2908 304 2951 Μ
370 2890 393 2961 Α
418 2849 560 2917 loonio
593 2829 715 2919 igitur,
750 2830 881 2919 Caesar,
914 2829 1138 2918 dispositioni

329 2934 356 2983 st
371 2958 393 2981 *⁴
416 2934 489 3001 tuae
500 2953 564 3002 nos
579 2953 644 3017 pro
658 2929 731 3017 illa,
754 2936 792 3003 et
803 2954 867 3016 pro
882 2954 989 3019 regno
1014 2938 1138 3005 nostro

157 3042 167 3061 ¹
228 3022 256 3089 t>
308 3034 311 3041 ’
331 3052 393 3131 ,a
415 3034 644 3115 pugnaturos,
668 3027 708 3116 si,
724 3035 767 3100 ut
785 3027 1020 3102 comminatus
1035 3053 1073 3103 es
1085 3029 1140 3103 in-

144 3118 162 3155 ⁴'
251 3213 283 3231 ..
331 3130 390 3233 ἣρω
416 3125 631 3200 frainsulam
641 3125 1139 3214 Britanniasupervenirein-

196 3227 248 3350 ᾖξ’
385 3224 572 3327 ⁴coeperis.
600 3223 672 3297 His
687 3223 774 3296 visis
787 3223 826 3297 Ο.
839 3223 902 3297 Ju.
914 3225 1034 3300 Caesar
1048 3229 1139 3301 clas-

129 3428 219 3516 vcla,
230 3427 314 3501 etin
325 3427 457 3501 ostium
473 3421 634 3496 Tamesis
646 3422 803 3495 fluminis
818 3447 898 3495 cum
910 3425 1069 3497 exercitu
1078 3450 1139 3513 ap-

132 3527 262 3615 plicuit
270 3520 1137 3612 etCassibellaunnscumomniapparatuocourrit,

130 3632 168 3699 et
192 3625 238 3698 ad
253 3625 482 3698 Dorobellum
504 3619 670 3707 oppidum
695 3620 850 3708 veniens,
872 3619 922 3692 ibi
951 3621 1138 3695 consilium

46 3796 49 3802 ,
131 3749 211 3796 cum
247 3722 465 3811 principibus
504 3718 605 3806 regni
646 3717 751 3791 inivit
781 3718 824 3791 dc
860 3719 964 3792 hoste
995 3721 1139 3807 propul-

131 3821 251 3895 sando.
319 3821 458 3896 Aderat
492 3825 613 3892 autem
646 3840 766 3890 secum
802 3817 965 3905 princeps
998 3819 1138 3891 militia

132 3947 205 3995 suae
233 3920 391 4008 Belinus,
418 3920 521 4008 cujus
551 3915 697 3990 consilio
723 3922 841 3988 totum
867 3940 1015 4004 regnum
1044 3925 1140 3990 trac-

130 4023 288 4094 tabatur.
333 4019 498 4093 Aderant
514 4014 623 4090 ctiam
644 4014 713 4087 duo
728 4015 806 4103 ejus
826 4023 982 4104 nepotes,
998 4016 1158 4091 Andro·

132 4144 217 4208 gens
238 4120 312 4193 dux
334 4118 593 4193 Trinouantum
611 4120 648 4188 et
669 4113 924 4190 Theomantius
954 4116 1027 4190 dux
1054 4116 1141 4192 Gor·
