2872 4876
322 402 366 472 34
643 415 795 473 1011111
824 421 1005 478 11111111

327 571 496 661 Hammo,
511 572 680 660 projectis
693 572 768 645 illis
784 575 913 660 quibus
928 576 1075 650 indutus
1090 576 1223 665 fuerat,
1240 597 1345 648 arma

329 671 538 746 Britannica
560 672 665 760 oepit,
691 680 729 746 et
755 675 858 759 quasi
880 675 1077 748 Britannus
1105 683 1234 749 eontra
1257 697 1345 748 suos

329 771 1345 862 pugnabat3deindeh0rtaturBritannosadinsequeudum

330 870 541 944 festinatum
555 870 779 958 triumphum
794 873 1025 959 promittens:
1053 875 1229 948 didicerat
1244 873 1345 946 enim

327 970 488 1059 linguam
503 995 625 1043 eorum
637 977 674 1042 et
687 996 814 1058 mores,
826 974 992 1060 queniam
1003 975 1098 1048 inter
1109 973 1344 1048 Britannicos

330 1070 470 1143 obsides
487 1069 611 1141 Romae
626 1070 786 1144 nutritus
796 1071 933 1145 fuerat:
961 1074 1043 1146 exin
1055 1075 1206 1146 accessit
1216 1073 1347 1159 paula-

332 1168 401 1241 tim
411 1170 521 1256 juxta
534 1191 663 1256 regem,
680 1168 849 1257 adituque
860 1171 1014 1258 invente,
1032 1173 1150 1260 ipsum
1161 1173 1255 1245 nihil
1265 1171 1344 1244 tale

331 1267 519 1341 timentem
533 1291 699 1340 mucrone
709 1269 865 1356 turpiter
880 1271 1046 1359 confodit
1058 1273 1201 1359 elapsus
1213 1270 1345 1345 deinde

332 1367 428 1440 intsr
452 1365 610 1438 hostium
635 1390 773 1455 cuneos,
802 1393 879 1442 sese
905 1395 986 1444 uum
1012 1371 1163 1444 nefanda
1189 1369 1346 1443 victoria

332 1467 427 1539 inter
446 1489 528 1537 sues
542 1464 685 1551 recepit.
733 1467 787 1538 At
807 1469 1006 1558 Aruiragus
1032 1471 1192 1559 ejusdem
1215 1470 1344 1556 frater,

332 1573 376 1637 ut
384 1588 465 1637 eum
476 1562 703 1636 interfectum
714 1565 859 1655 audivit,
865 1568 1050 1642 eonfestim
1056 1595 1155 1644 arma
1163 1569 1346 1655 deposuit,

334 1662 513 1748 armisque
527 1662 621 1750 regis
636 1662 795 1752 indutus,
812 1665 990 1741 hincinde
1015 1668 1179 1741 Britenes
1196 1667 1243 1740 ad
1263 1692 1347 1754 per·

332 1761 500 1836 standum
510 1760 730 1850 inanimarit
744 1766 845 1850 quasi
860 1765 936 1852 ipse
952 1767 1143 1843 Guiderius
1155 1774 1265 1854 esset,
1281 1766 1346 1853 qui

330 1861 527 1934 nescientes
539 1884 661 1934 casum
671 1863 775 1952 regis,
786 1866 925 1938 monitu
937 1867 1015 1954 ejus
1025 1865 1347 1953 resistebantpug-

331 1962 477 2046 nabunt,
495 1966 718 2048 stragemque
739 1987 809 2035 nen
824 1963 1009 2039 minimam
1025 1964 1199 2037 Romanis
1212 1965 1346 2036 infere-

333 2062 434 2132 bant:
451 2057 673 2132 adultimum
682 2059 890 2134 dilabuntur
900 2062 1054 2137 Romani
1061 2062 1100 2137 in
1109 2062 1198 2137 duas
1207 2071 1345 2152 partes,

336 2181 499 2244 eampum
510 2156 665 2243 turpiter
676 2158 887 2234 deserentes.

450 2418 454 2419 ⁷
540 2442 578 2455 ,ι
620 2381 731 2436 mssa
745 2388 896 2451 namque
911 2364 1091 2437 tutamina
1104 2363 1142 2436 in
1157 2387 1231 2436 una
1239 2371 1346 2450 parte

350 2470 365 2513 ³
422 2518 434 2549 ae
568 2462 574 2463 ⁷
619 2462 763 2536 navium
778 2464 932 2549 petebat.
979 2461 1135 2536 Hammo
1147 2470 1271 2536 autem
1283 2487 1347 2534 ue·

344 2554 347 2567 '
462 2542 489 2605 1
503 2548 574 2611 11
619 2584 728 2649 mara,
744 2561 912 2647 quianon
926 2561 1082 2635 habebat
1098 2561 1258 2647 spatium
1280 2585 1345 2632 na-

455 2718 465 2753 r
507 2700 518 2711 ἰ
544 2730 550 2753 ,s
580 2737 583 2742 ,
619 2684 680 2733 res
697 2659 857 2733 adeundi.
903 2659 1102 2748 Aruiragus
1117 2660 1231 2748 igitur
1247 2661 1345 2733 arbi-

353 2746 417 2849 51
432 2712 586 2861 w}
618 2765 720 2832 trans
752 2757 942 2832 Claudium
974 2785 1054 2832 cum
1086 2783 1127 2831 1ο
1156 2759 1343 2848 diffugere,

347 2814 464 2921 ist-
547 2860 560 2927 .’
618 2857 804 2931 festinavit
814 2857 978 2944 persequi
993 2882 1084 2945 eum,
1107 2857 1343 2931 neccessarit

333 2959 419 3033 dum
433 2957 570 3032 invenit
580 2980 640 3030 111
657 2981 763 3042 super
777 2955 892 3042 ripam
903 2956 1023 3045 maris,
1035 2981 1112 3043 quae
1120 2981 1217 3028 nune
1226 2957 1271 3029 (11
1280 2982 1344 3030 no-

332 3060 428 3133 mine
444 3057 604 3146 ejusdem
619 3054 844 3142 Hammonis,
861 3054 1143 3128 Hammontouia
1156 3079 1343 3143 nuncupa-

332 3165 404 3230 tur.
441 3155 534 3228 Erat
544 3155 595 3253 ibi
606 3159 731 3241 portus
744 3153 1005 3240 applicantibus
1017 3177 1203 3242 uongmus,
1214 3179 1344 3228 naves-

333 3279 401 3342 que
416 3260 653 3328 mercatorum
666 3252 833 3339 appulsae,
849 3276 937 3337 quas
953 3276 1034 3324 cum
1050 3252 1208 3325 Hammo
1223 3253 1343 3342 ingre-

332 3353 370 3427 di
396 3355 609 3440 affectasset,
635 3350 839 3438 supervenit
853 3351 896 3424 de
920 3351 1111 3438 improvise
1126 3353 1341 3442 Aruiragus,

332 3452 520 3541 ipsumque
543 3452 661 3526 subite
680 3449 870 3524 interfecit.
916 3448 1050 3522 Portus
1073 3457 1194 3524 autem
1209 3452 1274 3526 ille
1297 3455 1343 3527 ab

330 3552 562 3640 illotempore
574 3551 733 3638 usquein
744 3556 956 3638 prasentem
971 3549 1065 3622 diem
1079 3556 1206 3639 portus
1223 3551 1342 3624 Ham-

329 3651 445 3724 monis
456 3650 666 3739 appellatur.
699 3649 846 3722 Interea
858 3647 1219 3724 Claudiusreseeiatis
1233 3651 1340 3725 sociis

331 3756 511 3837 oppugnat
525 3748 733 3836 praedictam
753 3747 935 3820 civitatem
946 3773 1023 3832 quae
1035 3753 1122 3819 tune
1138 3746 1339 3837 anrperis

329 3873 424 3920 nune
448 3854 569 3920 autem
585 3845 960 3934 Porcestriavoeatur‚
980 3871 1044 3918 1111
1068 3871 1186 3934 mora3
1215 3849 1340 3920 maeni-

327 3949 396 4020 bus
412 3947 491 4034 ejus
511 3945 651 4034 dirutis,
669 3946 873 4033 civibusque
896 3947 1064 4035 subactis,
1079 3947 1266 4020 insecutus
1283 3954 1339 4022 est

330 4045 548 4134 Aruiragum
566 4047 644 4134 jam
667 4046 704 4118 in
732 4045 941 4120 Vintouiam
964 4047 1183 4135 ingressum:
1207 4047 1336 4121 exinde
