2862 4870
386 448 862 497 mammaemammal.
1086 441 1128 501 48

10 645 11 656 ’
131 639 190 721 §b
211 657 455 711 arausicanos
476 661 685 706 annonnoouu
706 663 831 720 riorus,
858 663 891 706 m
913 665 1124 711 narraturam

440 766 504 808 CUM
524 768 684 813 Mamaos
705 769 810 824 annm,

161 942 168 959 ,
233 891 310 1115 ‘J
422 878 582 947 ELINO
597 891 708 948 autem
734 905 808 948 eum
830 885 1125 998 paceettrauquil·

341 1045 377 1202 0
420 978 514 1043 litate
536 989 705 1066 regnante,
732 981 837 1046 frater
861 983 933 1066 ejus
959 981 1125 1048 Brennius

228 912 377 1377 ff?
420 1076 456 1139 in
469 1076 669 1143 Gallicanum
684 1080 802 1162 littus(
804 1089 840 1144 ut
791 1080 1044 1166 (pradictum
1059 1082 1124 1166 est)

150 1212 164 1242 ι
323 1196 331 1199 *
420 1177 585 1260 appulsus,
608 1177 747 1242 internis
762 1179 984 1243 anxietatibus
1000 1177 1125 1244 crucia·

296 1364 303 1365 ἶ
419 1282 485 1339 tur.
531 1273 765 1340 Ferebatenim
776 1278 923 1363 granter
933 1297 1005 1341 sese
1014 1275 1125 1361 expul

162 1382 164 1389 ’
190 1382 221 1401 ·“
228 1150 306 1381 Y
421 1391 492 1436 sum
506 1394 527 1437 a
547 1373 655 1457 patria
674 1395 757 1452 csse,
779 1397 841 1440 nec
863 1375 991 1458 copiam
1013 1395 1124 1440 rever-

123 1470 336 1534 tendihabcre
338 1471 864 1584 ,utamissadignitatefruerctun
899 1471 1124 1560 Nceciusergo

123 1567 1124 1653 quidfaceretprincipesGalliaeadivit,duodecimeolumlnodo

121 1668 275 1731 militibus
296 1668 480 1732 comitatus,
529 1669 678 1754 Cumque
703 1671 922 1736 infortunium
940 1683 1037 1735 tuum
1055 1671 1123 1736 sin-

10 1823 11 1838 ,
120 1767 419 1852 gulisostenderet:
441 1788 502 1831 nec
517 1769 672 1832 auxilium
684 1770 725 1834 ab
740 1771 806 1834 ullo
817 1771 991 1854 impetrare
1002 1769 1124 1855 quiris-

120 1875 177 1942 set,
192 1867 284 1930 venit
307 1867 440 1931 tandem
463 1869 507 1931 ad
531 1867 687 1953 Seginum
713 1867 824 1933 ducem
847 1865 1072 1955 Allobrogum,
1088 1878 1123 1936 et

118 1965 156 2029 ab
180 1987 220 2030 eo
244 1966 423 2030 honorifice
449 1975 620 2050 susceptus
640 1975 701 2030 est.
749 1965 889 2031 Morans
911 1976 1020 2032 autem
1035 1970 1123 2054 apud

116 2063 232 2147 ipsum,
256 2065 394 2128 accessit
416 2065 451 2128 in
474 2073 598 2129 tautam
622 2063 875 2130 familiaritatem
898 2064 1000 2142 ducis,
1023 2065 1072 2131 ita
1084 2076 1123 2134 ut

117 2182 180 2226 non
195 2171 284 2227 esset
299 2163 383 2227 alter
397 2164 433 2227 in
455 2164 547 2228 curia
561 2164 617 2248 qui
633 2164 663 2228 ei
686 2164 910 2247 praeferretur,
922 2163 958 2226 in
973 2164 1121 2231 omnibu·

116 2281 250 2346 namquo
264 2261 419 2346 negociis,
435 2270 500 2326 tam
516 2263 550 2325 in
566 2279 655 2346 pace,
666 2283 762 2346 quam
777 2263 812 2326 in
825 2263 912 2328 bollo
926 2262 1121 2346 probitatem

117 2381 207 2426 suam
215 2361 439 2425 monstrabat:
462 2360 543 2424 adeo
552 2368 589 2424 ut
605 2361 670 2424 dux
679 2361 769 2424 illum
780 2381 890 2426 amore
900 2370 1038 2445 patemo
1047 2361 1120 2426 dili

116 2470 216 2547 geret.
264 2455 350 2523 Erat
365 2460 464 2523 ctiam
478 2459 613 2543 pulcher
628 2467 771 2544 aspectu,
787 2479 924 2545 procera
938 2467 972 2523 et
986 2459 1121 2544 gracilia

116 2562 259 2627 membra
279 2559 416 2633 habens,
432 2559 638 2622 venationem
652 2566 749 2642 atque
763 2565 959 2642 aucupatum
973 2564 1012 2621 ut
1027 2555 1120 2622 dccc·

116 2658 170 2723 bat
196 2655 346 2723 edoctus·
394 2655 476 2720 (lum
505 2677 584 2742 ergo
615 2657 650 2719 in
671 2664 799 2722 tantam
827 2655 1004 2720 amicitiam
1027 2654 1120 2722 ducis

116 2757 292 2832 incidisset,
318 2755 435 2819 statuit
455 2755 523 2818 dux
544 2764 583 2820 ut
602 2755 731 2819 unicam
747 2774 844 2840 quam
865 2754 1007 2819 habebat
1021 2752 1119 2818 filiam

115 2854 174 2938 ipsi
203 2855 348 2920 maritali
373 2855 446 2940 lege
471 2855 648 2939 copularet.
695 2853 741 2918 Et
771 2854 799 2917 si
827 2852 1007 2918 masculino
1037 2873 1119 2918 sexu

12 2979 13 2994 ¹
116 2955 264 3040 deinceps
291 2962 428 3030 careret,
459 2954 656 3018 concedebat
682 2952 713 3016 ei
737 2971 877 3038 regnum
902 2949 1118 3037 Allobrogum

115 3063 186 3138 post
200 3055 328 3119 obitum
344 3074 440 3116 suum
463 3073 537 3116 cum
551 3051 619 3116 filia
641 3051 883 3135 possidendum.
950 3050 988 3114 Si
1007 3059 1118 3116 autem

115 3154 197 3219 iilius
217 3154 249 3217 ei
270 3151 506 3235 superveniret,
525 3151 740 3234 promittebat
760 3149 928 3224 auxilium,
953 3157 992 3213 ut
1011 3149 1046 3214 in
1065 3171 1117 3215 rc-

115 3275 186 3340 gem
200 3250 385 3317 Britannia
403 3257 660 3332 promoveretur,
681 3255 716 3312 ct
731 3267 798 3312 non
812 3249 917 3312 solum
928 3247 964 3311 id
982 3269 1004 3312 a
1023 3248 1115 3327 duce,

116 3353 287 3420 sedetiam
310 3351 352 3414 ab
376 3348 527 3412 omnibus
551 3348 626 3411 duci
646 3345 786 3411 subditis
805 3346 960 3411 heroibus
984 3355 1115 3430 appete-

114 3455 226 3518 batur:
261 3450 340 3534 quia
361 3449 397 3512 in
421 3455 549 3512 tantam
572 3465 686 3510 eorum
712 3445 888 3510 amicitiam
911 3455 1115 3528 pervenerat.

115 3551 182 3618 Nec
210 3571 314 3624 mora,
352 3545 526 3611 maritatur
561 3545 671 3629 puella
700 3544 856 3621 Brenuio,
890 3545 1116 3628 principesque

114 3651 225 3734 patriae
254 3648 286 3712 ei
309 3645 505 3719 subduntur,
528 3644 710 3726 soliumque
730 3644 825 3729 regni
846 3644 997 3707 donatur.
1043 3638 1116 3704 Nec

115 3771 213 3814 annus
229 3768 296 3832 quo
319 3747 389 3810 haec
412 3743 501 3807 facta
524 3751 601 3807 sunt
627 3743 755 3830 integre
779 3762 930 3808 emensus
954 3749 1015 3817 cst,
1040 3761 1115 3804 cum

115 3867 262 3932 suprema
277 3845 347 3908 dics
356 3843 448 3908 ducis
457 3842 644 3918 adveniens,
659 3843 767 3926 ipsum
779 3841 889 3906 exhac
902 3841 972 3905 vita
982 3839 1112 3923 eripuit.

117 3945 205 4011 Tunc
231 3944 397 4009 Brennius
416 3941 579 4026 principes
605 3941 730 4025 patria,
751 3959 834 4024 quos
859 3939 951 4024 prius
971 3938 1115 4004 amicitia

114 4045 267 4121 illexerat,
280 4042 439 4108 obnoxios
454 4041 517 4106 sibi
531 4039 639 4106 facere
653 4058 721 4104 non
731 4035 872 4124 diffugit,
888 4037 1057 4124 largiendo
1066 4037 1114 4102 eis
