2862 4870
412 447 566 489 marorum
587 447 660 488 aaa.
683 446 763 489 nau.
786 447 847 489 um.
870 443 904 488 11.
1111 428 1153 488 33

140 589 188 654 sic
201 597 355 674 tempora
369 611 445 654 mea
466 590 549 655 sicut
563 599 790 675 paupertatem
806 611 913 656 meam
934 587 1153 676 diffugerunt!

142 687 175 754 Ο
194 688 364 753 Gordeilla
384 689 465 763 filia,
488 711 585 773 quam
604 709 683 753 vera
703 697 781 755 sunt
800 690 887 753 dicta
906 689 962 752 illa
981 711 1053 772 qua
1072 689 1155 752 mihi

140 788 355 872 respondisti,
373 788 502 872 quando
519 788 653 872 quaesivi
668 810 689 853 a
702 797 746 864 te,
763 809 856 873 quem
875 808 1020 852 amorem
1040 789 1155 852 adver-

142 909 202 950 sus
213 909 267 950 me
278 888 434 952 haberes:
458 887 570 951 dixisti
581 887 677 962 enim,
724 884 892 965 Quantum
902 887 1155 962 habes‚tantum

143 987 246 1061 vales,
272 993 469 1068 tantumque
490 994 524 1050 te
550 985 672 1070 diligo:
697 985 772 1048 dum
795 984 898 1070 igitur
934 985 1035 1050 habui
1068 985 1156 1069 quod

145 1085 227 1148 dare
241 1085 347 1168 potui,
363 1085 454 1147 visus
468 1083 518 1147 fui
537 1085 646 1148 valere
663 1083 782 1167 eisqui
804 1105 869 1146 uon
890 1083 967 1146 mihi
988 1085 1045 1148 sed
1062 1085 1155 1150 donis

144 1184 226 1246 meis
242 1183 340 1246 amici
351 1183 495 1246 fuerant.
541 1182 881 1248 Interim-dilexerunt
891 1204 954 1257 me,
970 1183 1029 1246 sed
1051 1183 1156 1267 magis

145 1303 287 1344 munera
297 1302 382 1344 mea.
429 1278 513 1345 Nam
520 1281 721 1344 'abeuntibus
731 1281 934 1356 muneribus,
944 1289 978 1344 et
992 1281 1055 1364 ipsi
1070 1281 1157 1344 abie-

145 1388 238 1444 runt.
287 1379 355 1443 Sed
371 1401 436 1463 qua
449 1379 570 1454 fronte,
582 1379 750 1442 carissima
764 1379 840 1454 filia,
856 1388 891 1445 te
905 1380 1033 1444 audebo
1054 1380 1156 1454 adire,

147 1480 206 1564 qui
218 1481 259 1544 ob
275 1481 434 1564 praedicta
448 1481 549 1543 verba
559 1478 664 1542 iratus
675 1479 789 1562 putavi
800 1487 835 1542 te
845 1479 991 1543 deterius
1001 1479 1158 1544 maritare

148 1601 249 1662 quam
273 1600 405 1642 sorores
431 1587 515 1653 tuas,
546 1600 619 1662 quae
648 1585 724 1662 post
748 1586 800 1642 tot
824 1578 981 1642 beneficia
1009 1599 1081 1662 qua
1111 1578 1158 1642 eis

147 1677 304 1761 impendi,
336 1698 389 1740 me
419 1677 548 1740 exulem
577 1684 612 1740 et
640 1696 817 1759 pauperem
854 1697 925 1740 esse
954 1677 1157 1760 patiuntur.'’

149 1775 201 1840 Ut
215 1776 349 1840 tandem
363 1776 434 1838 haec
454 1783 487 1838 et
506 1775 558 1838 his
579 1775 705 1839 similia·
720 1775 857 1840 dicendo
883 1776 1049 1860 applicuit,
1069 1777 1160 1842 venit

150 1874 331 1948 Karitiam,
353 1873 410 1936 ubi
429 1873 496 1936 filia
511 1894 572 1936 sua
591 1882 672 1937 erat.
719 1873 906 1958 Expectans
933 1883 1040 1939 autem
1065 1883 1160 1940 extra

148 1974 275 2047 urbem,
300 1971 390 2034 misit
405 1971 435 2034 ei
450 1971 605 2034 nuncium
623 1993 719 2034 suum
743 1973 799 2056 qui
813 1973 972 2038 indicaret
995 1974 1103 2056 ipsum
1125 1972 1160 2036 in

148 2079 280 2135 tantam
300 2069 462 2132 miseriam
483 2069 670 2152 collapsum,
692 2078 726 2134 et
740 2072 816 2155 quia
830 2093 897 2134 nou
911 2072 1053 2136 habebat
1068 2068 1161 2154 quod

149 2171 340 2236 comederet
365 2176 425 2230 aut
449 2166 611 2243 indueret,
634 2169 889 2234 misericordiam
914 2170 1002 2233 illius
1016 2168 1158 2253 petebat.

152 2270 231 2350 Quo
246 2267 403 2342 indicato,
424 2274 652 2330 commotaest
671 2267 844 2344 Gordeilla
872 2277 905 2332 et
924 2269 1014 2333 flevit
1039 2289 1159 2344 amare,

150 2367 368 2454 quasivitque
383 2372 462 2448 quot
476 2364 597 2428 milites
617 2385 724 2430 secum
739 2367 890 2432 haberet:
914 2369 971 2451 qui
981 2366 1161 2451 respondit,

151 2469 263 2552 ipsum
278 2463 443 2527 neminem
459 2462 590 2538 habere,
608 2473 744 2548 excepto
759 2467 901 2549 quodam
921 2467 1084 2551 armigero
1104 2462 1162 2547 qui

151 2566 236 2630 foris
248 2584 324 2628 cum
337 2582 375 2626 eo
391 2562 592 2644 expectabat.
631 2561 725 2627 Tunc
739 2564 795 2627 illa
810 2565 896 2648 oepit
911 2573 1068 2649 quantum
1079 2584 1161 2646 opus

153 2670 228 2727 erat
255 2660 330 2724 auri
356 2667 391 2723 et
417 2659 556 2742 argenti,
583 2657 739 2744 deditque
765 2663 894 2738 nuncio,
917 2662 1109 2746 precipiens
1124 2669 1163 2724 ut

152 2769 279 2846 patrem
303 2759 346 2822 ad
367 2757 464 2821 aliam
492 2757 658 2822 civitatem
683 2751 828 2835 duceret,
854 2761 964 2845 ibique
985 2761 1093 2845 ipsum
1114 2759 1164 2824 in-'

154 2861 288 2924 firmum
313 2858 454 2941 fingeret
490 2865 524 2920 et
553 2857 732 2932 balnearet,
763 2858 918 2924 indueret
951 2869 985 2924 et
1024 2860 1162 2934 foveret.

156 2959 266 3025 Jussit
281 2958 381 3021 etiam
392 2964 431 3018 ut
441 2956 659 3040 quadraginta
678 2957 797 3021 milites
809 2958 892 3022 bene
912 2959 1045 3024 indutos
1061 2969 1094 3024 et
1109 2983 1165 3045 pa·

155 3065 248 3121 ratos
260 3055 429 3129 retineret,
446 3063 479 3118 et
489 3062 569 3119 tunc
584 3055 713 3120 demum
727 3056 899 3120 mandaret
909 3058 980 3142 regi
991 3057 1164 3143 Aganippe
1289 3132 1290 3135 Ἴ

156 3163 193 3218 et
215 3154 291 3218 filiae
315 3175 383 3218 suae
406 3174 478 3219 sese
491 3154 672 3220 advenisse.
718 3151 868 3218 Nuncius
894 3156 979 3220 illico
1003 3177 1165 3234 reversus,

158 3253 284 3318 direxit
299 3252 433 3317 Leirem
448 3273 561 3336 regem
574 3253 617 3318 ad
631 3253 728 3318 aliam
738 3252 918 3329 civitatem,
934 3257 1169 3341 absconditque

160 3373 239 3418 eum
249 3351 296 3421 ibi
308 3352 423 3428 ‚donec
434 3351 543 3414 omnia
551 3351 953 3435 quallordeillajusserat
963 3353 1167 3439 perfecisset
