2872 4876
391 471 547 519 msronnu
568 471 642 520 aad.
665 475 748 519 uam.
770 474 832 520 tm.
855 473 898 519 xr.
1083 459 1142 520 209

144 626 293 702 tempore
319 619 502 684 Eleutherii
526 642 618 704 papae
643 622 766 696 habita,
791 639 959 706 nunquam
983 621 1069 686 inter
1093 642 1148 685 eos

145 717 320 781 defecerat.
361 717 543 802 Postquam
558 727 669 784 autem
680 721 770 784 venit
786 717 1006 805 Augustinus,
1023 720 1149 784 invenit

144 817 178 880 in
193 839 309 882 eorum
323 818 492 902 provincia
507 827 631 902 septem
644 819 862 903 Episcopatus
875 830 907 884 et
924 820 1149 905 Archiepiseo-

145 925 259 1000 patum
281 917 535 1002 religiosissimis
557 919 752 1002 praesulibus
772 921 927 995 munitos
949 928 983 984 et
1003 920 1151 985 abbatias

144 1017 347 1099 eomplurest'
371 1017 406 1078 in
436 1018 555 1100 quibus
581 1039 664 1102 grex
693 1017 816 1081 domini
846 1028 973 1082 rectum
1003 1019 1151 1083 ordinem

146 1115 288 1178 tenebat.
330 1112 422 1177 Inter
434 1121 569 1190 eeteros,
583 1124 654 1178 erat
665 1115 700 1178 in
710 1115 844 1180 civitate
856 1116 990 1202 Bangor
1002 1118 1151 1200 quaedam

145 1214 348 1278 nobilissima
359 1214 504 1290 ecelesia,
515 1214 549 1276 in
560 1235 625 1298 qua
635 1223 749 1279 tantus
760 1215 869 1278 fertur
880 1215 984 1280 fuisse
995 1237 1152 1279 numerus

146 1314 390 1389 monachorum,
401 1322 440 1376 ut
451 1335 525 1378 oum
534 1315 569 1377 in
581 1325 706 1397 septem
714 1315 881 1399 portiones
891 1322 980 1378 esset
986 1335 1061 1378 eum
1069 1335 1152 1399 prae·

145 1413 261 1497 positis
272 1414 334 1478 sibi
345 1413 518 1478 Prioribus
527 1413 762 1478 monasterium
775 1413 926 1489 divisum,
935 1413 1025 1477 nulla
1035 1413 1153 1476 harum

146 1512 254 1595 portio
278 1513 386 1577 minus
402 1534 501 1597 quam
523 1521 689 1578 trecentos
713 1513 890 1578 monachos
913 1513 1071 1576 haberet:
1095 1513 1152 1596 qui

146 1632 259 1676 omnes
271 1612 383 1676 labore
393 1633 550 1676 manuum
562 1633 696 1676 suarum
711 1611 874 1677 vivebant.
913 1611 1025 1676 Abbas
1040 1619 1151 1675 autem
1186 1691 1190 1708 .

145 1731 261 1774 eorum
271 1709 600 1774 Dinootvoeabatur:
623 1709 707 1775 miro
719 1712 816 1775 modo
824 1711 1014 1775 liberalibus
1025 1710 1151 1774 artibus

146 1809 306 1874 eruditus
341 1808 409 1888 Qui
420 1808 609 1894 Augustino
618 1809 744 1893 petenti
753 1810 794 1873 ab
806 1809 964 1894 episeopis
975 1807 1151 1872 Britonum

145 1909 393 1993 subjectionem,
419 1917 452 1972 et
473 1908 625 1972 suadenti
649 1915 687 1972 ut
714 1929 825 1972 seeum
850 1909 942 1994 genti
966 1908 1152 1992 Anglornm

146 2029 352 2074 communem
359 2006 606 2091 evangelizandi
616 2007 762 2071 laborem
774 2010 992 2092 susciperent:
1015 2006 1152 2072 diversis

144 2106 496 2194 argumentationibus,
507 2105 595 2189 ipsos
606 2106 636 2170 ei
647 2107 771 2170 nullam
782 2107 1021 2191 subjectionem
1033 2106 1152 2170 debere

146 2207 327 2292 respondit,
344 2226 403 2268 nee
418 2226 513 2268 suam
527 2204 772 2288 praediotionem
788 2206 928 2269 inimicis
944 2206 1013 2269 suis
1028 2205 1152 2288 impen-

145 2307 244 2371 dere:
268 2327 343 2370 sum
364 2312 397 2368 et
413 2326 510 2368 suum
532 2303 808 2390 Archipraesulem
828 2306 998 2380 haberent,
1022 2312 1056 2367 et
1070 2324 1151 2390 gens

147 2405 318 2468 Saxonum
331 2403 472 2488 patriam
487 2403 653 2487 propriam
669 2403 791 2468 eisdem
807 2404 938 2468 auferre
953 2411 1149 2487 perstarent.

148 2503 245 2567 Unde
257 2524 315 2567 eos
325 2525 450 2567 summo
461 2503 626 2566 habebant
639 2502 728 2566 odio:
744 2503 907 2586 fidemque
917 2511 951 2566 et
960 2501 1151 2586 religionem

148 2623 262 2667 eorum
276 2623 336 2686 pro
348 2601 449 2664 nihilo
461 2601 643 2664 habebant:
666 2622 726 2664 nee
741 2602 775 2664 in
790 2602 900 2684 aliquo
913 2599 1030 2686 Anglis
1045 2601 1150 2684 magis

146 2723 244 2785 quam
260 2701 395 2765 canibus
411 2700 702 2764 communicabant.

204 2959 221 3040 ᾗ
244 2961 293 3021 13.
315 2978 544 3033 urnunuamus,
566 2977 629 3020 anx
650 2976 897 3030 rouruuuuuma,
920 2977 1087 3020 iterasses

464 3083 618 3126 emporus
639 3082 828 3125 russanum.

162 3242 189 3287 χ
257 3228 312 3229 ’
329 3241 387 3284 -2
448 3199 773 3264 THELBERTUS
786 3221 865 3284 ergo
874 3221 933 3262 rex
944 3198 1148 3274 Oantiornm,

204 3286 209 3289 ’
445 3307 484 3378 ut
503 3299 587 3363 vidit
610 3299 765 3362 Britones
786 3298 1000 3383 dedignantes
1024 3299 1149 3381 subjec-

267 3386 275 3387 ἶ
345 3378 402 3462 [l
445 3399 568 3462 tionem
598 3397 787 3482 Augustino
809 3396 928 3469 faeere,
959 3404 993 3459 et
1014 3397 1148 3459 eosdem

310 3522 317 3525 ⁷
376 3514 386 3547 ῑ
445 3496 708 3580 praedicationem
746 3517 839 3559 suam
871 3516 1043 3578 spernere:
1087 3495 1149 3558 hoe

175 3604 235 3657 ’ἒ
445 3596 638 3681 gravissime
653 3596 773 3670 ferens,
799 3593 1022 3658 Ethelfridum
1037 3615 1149 3678 regem

446 3693 824 3768 Northanhumbrorum,
838 3701 871 3756 et
883 3705 1008 3757 eeteros
1017 3695 1148 3778 regulos

107 3845 109 3850 .
148 3793 315 3858 Saxonum
339 3793 565 3868 instimulant,
590 3801 629 3856 ut
649 3793 783 3856 collecto
801 3792 919 3878 grandi
935 3792 1094 3869 exercitu,
1114 3793 1149 3855 in

147 3894 311 3958 civitatem
335 3892 469 3977 Bangor
489 3893 640 3956 abbatem
662 3891 789 3955 Dinoot
812 3899 846 3954 et
861 3901 986 3955 eeteros
1003 3892 1147 3968 clericos

145 3994 200 4076 qui
233 4014 289 4057 eos
320 4001 523 4076 spernerent,
554 3993 720 4076 perditum
750 3991 846 4054 irent.
894 3990 1148 4074 Adquiesceutes

145 4114 222 4176 ergo
238 4091 374 4156 consilio
390 4092 471 4174 ejus,
489 4092 690 4176 collegerunt
712 4091 892 4153 mirabilem
909 4092 1098 4168 exercitum,
1116 4102 1149 4156 et

142 4191 345 4273 provinciam
356 4189 531 4254 Britonum
543 4199 702 4274 petentes,
720 4198 880 4254 venerunt
892 4190 1146 4276 Legeeestriam,

1023 4309 1042 4347 P
