2848 4888
398 465 555 510 morosis
564 465 638 510 nro.
653 466 735 511 uam.
751 466 813 512 mn.
834 466 879 510 11.
1085 445 1144 510 169

138 608 173 671 in
187 609 379 674 summitate
393 611 533 694 pectoris
548 609 665 686 infixit,
680 611 818 694 ¹ejusque
831 609 898 674 telo
913 608 1027 684 vitato,
1044 628 1144 692 quan-

138 715 209 770 tum
225 707 321 793 vigor
336 708 474 784 sinebat,
495 708 586 772 illum
600 709 636 772 in
650 716 775 773 terram
790 707 978 793 prostravit.
1025 703 1146 790 Eragi-

138 813 216 869 uato
232 827 365 890 quoque
389 827 468 871 ense
492 806 669 871 festinabat
698 827 774 870 curn
799 806 909 881 ferire,
936 825 1010 870 cum
1041 803 1145 868 Flollo

138 903 283 968 velocius
307 911 447 979 erectus,
476 912 639 988 praetensa
662 905 775 969 lancea
800 904 960 968 occurrit:
990 902 1146 986 illatoque

139 1000 228 1064 intra
255 1009 371 1085 pectus
401 1001 478 1086 equi
502 1000 620 1066 Arturi
644 1002 774 1067 letifero
804 1002 948 1077 vulnere,
969 1009 1146 1086 utrumque

139 1100 311 1164 concidere
325 1099 442 1185 coegit.
490 1099 645 1165 Britones
660 1109 698 1164 ut
716 1108 917 1184 prostratum
931 1119 1043 1185 regem
1057 1098 1146 1164 vide-

139 1206 229 1274 runt,
256 1198 410 1263 timentes
440 1219 516 1262 eum
544 1205 750 1282 peremptum
776 1219 857 1273 essa,
883 1198 939 1262 vix
968 1205 1147 1282 potuerunt

138 1296 287 1372 retineri,
312 1297 392 1380 quin
405 1305 505 1381 rupto
514 1295 638 1360 foedere
653 1296 687 1359 in
705 1295 817 1360 Gallos
832 1295 1029 1360 unanimiter
1043 1294 1146 1360 irrue-

138 1402 223 1458 rent.
271 1393 319 1458 At
341 1394 419 1457 dum
437 1401 557 1458 metam
580 1394 669 1477 pacis
680 1394 751 1476 jam
766 1393 879 1478 egredi
898 1392 1146 1468 meditarentur,

139 1501 271 1558 erectus
285 1500 337 1557 est
351 1513 450 1576 ocyus
474 1491 641 1557 Arturus:
663 1500 891 1576 pratensoquc
911 1492 1023 1578 clypeo
1042 1492 1147 1555 immi-

139 1600 273 1656 nentem
299 1589 361 1654 sibi
388 1586 659 1655 Flollouem'cito
684 1612 783 1655 cursu
809 1591 935 1675 petivit.
981 1589 1147 1654 Instantes

139 1689 241 1774 igitur
266 1687 425 1763 cominus,
449 1695 580 1752 mutuos
606 1688 691 1752 ictus
720 1689 932 1774 ingeminant,
963 1689 1046 1752 alter
1075 1686 1147 1752 neci

140 1787 277 1854 alterius
292 1787 457 1852 insistens.
504 1785 657 1871 Denique
678 1787 783 1852 Flollo
803 1788 935 1852 invento
952 1787 1053 1862 aditu,
1073 1808 1147 1870 pcr-

140 1887 243 1950 cussit
263 1884 427 1950 Arturum
446 1886 481 1949 in
506 1885 659 1962 frontem,
683 1894 717 1950 et
738 1886 802 1950 nisi
822 1886 987 1951 collisione
1012 1885 1147 1949 cassidis

140 2006 330 2050 mucronem
345 1985 540 2061 hebetasset,
551 1983 758 2049 mortiferum
773 1985 891 2049 vulnus
906 1985 1045 2049 forsitan
1060 1984 1147 2048 intu-

140 2083 243 2148 lisset.
291 2083 453 2148 Manante
472 2105 551 2168 ergo
574 2082 740 2167 sanguine,
757 2104 830 2146 cum
853 2081 995 2148 Arturus
1014 2082 1148 2146 loricam

141 2190 175 2246 et
200 2183 351 2268 clypeum
377 2184 497 2247 rubere
522 2182 668 2256 vidisset,
696 2181 876 2246 ardentiori
898 2181 948 2244 ira
974 2201 1148 2244 succensus

141 2288 202 2356 est,
218 2288 319 2365 atque
334 2289 443 2345 erecto
458 2281 537 2345 totis
553 2279 677 2344 viribus
694 2277 883 2353 Caliburno,
899 2278 1062 2362 impressit
1073 2299 1148 2342 eum

141 2397 200 2462 per
223 2378 352 2462 galeam
378 2379 413 2441 in
433 2386 531 2463 caput
550 2376 717 2453 Flollonis,
747 2376 836 2460 quod
862 2376 896 2440 in
927 2377 1007 2440 duas
1037 2384 1147 2461 partes

142 2477 306 2541 dissecuit.
353 2475 430 2555 Quo
450 2477 582 2541 vulnero
602 2476 723 2541 cedidit
737 2473 852 2551 Flollo,
876 2476 1027 2540 tellurem
1047 2477 1148 2541 caloa-

142 2576 213 2639 neis
228 2575 373 2660 pulsans,
399 2583 433 2639 et
448 2575 598 2658 spiritum
614 2575 648 2638 in
668 2595 766 2638 auras
781 2575 900 2640 emisit.
947 2574 1096 2664 Cumque
1116 2573 1150 2638 id

143 2694 201 2756 per
225 2672 406 2737 exercitum
426 2673 630 2758 divulgatum
648 2671 776 2747 fuisset,
793 2680 1028 2736 concurrerunt
1051 2671 1148 2746 cives,

142 2771 331 2856 apertisque
353 2772 456 2837 valvis
480 2771 645 2835 civitatem
668 2769 795 2835 Arturo
814 2771 1033 2836 tradiderunt.
1080 2769 1149 2849 Qui

144 2870 263 2936 deinde
279 2870 416 2934 victoria
429 2869 565 2954 potitus,
586 2868 697 2933 divisit
711 2869 891 2932 exercitum
906 2889 1001 2932 suum
1017 2868 1052 2931 in
1067 2867 1149 2934 duas

144 2977 267 3053 partae,
291 2975 325 3032 et
339 2988 439 3032 unam
456 2965 564 3032 Hosio
580 2965 655 3031 duci
670 2966 848 3031 commisit:
870 2966 1087 3050 precepitque
1101 2967 1150 3032 illi

143 3076 181 3132 ut
196 3067 240 3131 ad
266 3066 519 3150 expugnandum
545 3063 744 3130 Guitardum
766 3063 1008 3130 Pictavcnsium
1035 3065 1150 3130 ducem

144 3164 228 3230 iret:
252 3164 321 3249 ipse
341 3184 420 3229 vero
440 3185 514 3228 oum
539 3163 667 3248 reliqua
691 3170 785 3247 parte
813 3170 938 3227 ceteras
967 3164 1149 3247 provincias

145 3262 207 3327 sibi
245 3263 423 3348 subjugare
459 3261 597 3327 vacavit.
655 3259 739 3326 Mox
778 3258 905 3325 Hoelus
938 3258 1150 3346 Aquitaniam

145 3360 325 3448 ingressus,
341 3362 440 3426 urbes
451 3361 567 3445 patrias
578 3359 708 3435 invasit,
726 3357 988 3444 Guitardumque
1002 3360 1150 3443 pluribus

48 3453 50 3455 ’
144 3459 264 3544 praeliis
280 3459 458 3535 anxiatum,
483 3459 525 3523 ad
545 3457 742 3523 deditionem
768 3458 884 3542 coegit.
933 3455 1151 3523 Guasconiam

146 3579 276 3643 quoque
291 3558 381 3623 ferro
396 3566 430 3622 et
443 3558 574 3622 flamma
593 3557 803 3641 depopulans
823 3556 984 3641 principes
1004 3557 1152 3641 ejusdem

146 3657 346 3742 subjugavit.
394 3655 545 3720 Emensis
564 3656 682 3720 iterum
702 3676 819 3719 novem
834 3655 938 3732 annis,
960 3676 1034 3724 oum
1048 3655 1151 3724 totius

148 3753 265 3820 Gabia
288 3761 400 3838 partes
414 3754 570 3838 potestati
594 3773 662 3817 suas
677 3752 889 3828 submisisset,
917 3753 1007 3818 venit
1031 3755 1152 3820 iterum

145 3853 294 3926 Arturus
310 3851 466 3927 Parisios,
477 3851 649 3935 tenuitque
660 3850 777 3915 ibidem
792 3851 934 3915 curiam:
956 3852 1015 3917 ubi
1034 3873 1153 3918 convo-

147 3962 219 4018 cato
235 3952 323 4017 clero
338 3959 372 4015 et
391 3950 522 4035 populo,
544 3957 667 4013 statum
688 3950 782 4034 regni
801 3971 880 4034 paee
895 3957 929 4014 et
949 3950 1021 4035 lege
1036 3950 1152 4014 confir·
1191 3992 1195 3997 -

146 4051 258 4116 mavit.
308 4047 403 4113 Tunc
438 4048 578 4133 largitus
616 4056 667 4113 est
704 4047 857 4113 Beduero
893 4049 1055 4133 pincernae
1092 4071 1151 4120 suo

149 4149 353 4224 Neustriam,
381 4167 454 4233 quoe
484 4168 570 4212 nunc
601 4144 804 4218 Normannia
833 4148 967 4215 dicitur:
1007 4147 1152 4234 Gaioque
