2848 4888
429 497 585 543 ursroann
600 496 674 540 unc.
689 494 772 538 arur.
786 495 849 538 nra.
869 493 913 537 vr.
1126 473 1181 534 117

170 643 323 708 homines
338 643 527 727 hujusmodi
547 640 807 726 procreationem
826 634 990 704 habuisse.
1037 632 1125 698 Nam
1144 641 1184 697 ut

169 741 336 826 Apuleius
370 743 412 806 de
438 741 499 805 deo
527 739 674 804 Socratis
703 737 864 822 perhibet,
898 735 985 798 iuter
1008 723 1120 797 lunam
1149 739 1183 796 et

172 850 300 905 terram
314 841 466 905 habitant
480 839 627 923 spiritus,
647 857 730 920 quos
745 834 880 898 incubos
898 833 1060 898 demones
1074 832 1184 915 appel-

172 941 299 1004 lamus:
321 941 357 1003 hi
376 938 497 1023 partim
519 937 698 1010 bominum,
728 933 850 1017 partim
875 952 954 995 vero
980 927 1184 1014 Angelorum

172 1047 329 1102 naturam
343 1038 484 1101 habent:
508 1043 542 1100 et
562 1055 636 1098 cnm
651 1033 776 1106 volunt,
798 1037 970 1095 assumunt
985 1028 1047 1092 sibi
1069 1028 1184 1091 huma·

173 1159 235 1200 nas
250 1137 384 1222 figmas,
406 1142 439 1199 et
454 1155 528 1198 cum
543 1132 735 1196 mulieribus
751 1137 880 1194 coeunt.
926 1125 1079 1190 Forsitan
1098 1145 1183 1190 unus

175 1256 217 1300 ex
232 1236 280 1299 eis
294 1234 373 1297 huic
388 1233 517 1298 mulieri
531 1231 693 1316 apparuit,
710 1237 744 1294 et
764 1228 922 1312 juvenem
941 1227 1042 1290 istum
1056 1225 1091 1288 in
1114 1223 1185 1306 ipsa

176 1332 381 1422 generavit.'’

220 1617 236 1698 d
257 1620 306 1680 19.
329 1633 489 1677 unanmus
511 1631 621 1674 nuncu
641 1631 683 1673 nu
704 1630 802 1673 romu
822 1626 1013 1671 normanum
1034 1624 1150 1667 norun.

411 1826 416 1827 ἶ
481 1742 659 1823 UMQUE
697 1742 806 1806 omnia
841 1740 1058 1805 auscultasset
1093 1734 1186 1800 Mer-

190 1832 211 1876 ?
268 1880 275 1887 ›
308 1913 313 1930 ἵ
478 1844 576 1919 linus,
593 1842 731 1907 accessit
750 1840 794 1904 ad
808 1859 930 1924 regem,
955 1845 989 1902 et
1012 1837 1079 1901 ait:
1104 1833 1185 1898 “Ut

480 1943 559 2026 quid
574 1963 636 2027 ego
656 1949 690 2006 et
709 1949 815 2004 mater
829 1959 903 2002 mea
922 1937 957 1999 in
977 1934 1185 2020 presentiam

277 2076 307 2135 a*
416 2104 430 2115 „
480 2049 572 2106 tuam
601 2039 735 2106 adducti
765 2035 929 2103 sumusl''
977 2033 1041 2099 cui
1066 2032 1185 2096 Vorte-

230 2122 278 2207 J
504 2139 512 2155 '
609 2163 617 2204 ε
653 2137 784 2224 “Magi
813 2136 877 2201 mei
905 2133 986 2198 mibi
1015 2131 1185 2196 consilium

244 2230 267 2247 ²
400 2234 426 2281 f*
481 2238 652 2314 dederunt,
673 2245 712 2301 nt
726 2236 890 2300 hominem
910 2235 980 2298 sine
998 2238 1093 2316 patre
1111 2250 1185 2314 per-

179 2338 365 2422 quirerem:
388 2346 427 2401 ut
453 2359 535 2423 opus
564 2358 674 2402 meum
699 2335 802 2421 ipsius
828 2332 987 2420 sanguine
1011 2330 1186 2415 irrigatum

178 2440 316 2502 staret.’'
370 2435 463 2500 Tunc
492 2436 540 2500 ait
570 2434 756 2500 Merlinus:
796 2433 913 2498 “Jube
949 2439 1025 2494 tuos
1064 2427 1185 2514 Magos

176 2535 291 2601 venire
307 2556 417 2599 coram
431 2555 494 2610 me,
517 2542 551 2600 et
567 2534 757 2599 convincam
776 2533 850 2596 illos
870 2528 1075 2595 mendacium
1095 2527 1185 2590 adin-

177 2635 318 2699 venisse.
364 2633 542 2698 Admirans
578 2641 690 2698 autem
725 2654 785 2697 rex
815 2653 914 2716 super
948 2629 1056 2694 verbis
1086 2627 1185 2702 illius,

176 2733 333 2798 continuo
343 2732 446 2817 jussit
458 2732 579 2818 Magos
590 2732 713 2807 venire,
721 2741 755 2796 et
763 2753 872 2795 coram
882 2729 1028 2794 Merlino
1038 2726 1184 2792 sedere.'’

182 2832 314 2911 Quibus
344 2833 392 2896 ait
418 2831 602 2896 Merlinus:
638 2829 810 2895 “Nescitis
834 2830 914 2913 quid
936 2827 1185 2891 fundamentum

178 2929 328 3014 inooeptae
342 2929 445 2993 turris
460 2929 626 3013 impediat.
673 2929 850 2993 Laudastis
874 2937 912 2991 ut
936 2926 1070 3012 sanguis
1093 2945 1186 2989 meus

179 3029 419 3092 diffunderetur
435 3029 469 3092 in
485 3036 687 3103 caementum,
703 3028 796 3117 quasi
810 3027 896 3090 illico
912 3047 993 3110 opus
1008 3033 1184 3090 constaret.

181 3127 248 3192 Sed
269 3127 369 3190 dicite
391 3127 481 3202 mibi,
509 3127 590 3211 quid
615 3126 677 3190 sub
702 3126 915 3189 fundamento
943 3123 1054 3189 latet?
1099 3122 1187 3187 Nam

180 3226 307 3311 aliquid
322 3226 383 3289 sub
398 3225 470 3308 ipso
485 3233 546 3300 est,
567 3226 655 3309 quod
668 3225 776 3308 ipsum
799 3233 887 3288 stare
906 3245 972 3288 non
992 3223 1185 3308 permittit.”

181 3323 448 3409 Expavescentes
469 3333 579 3388 autem
606 3322 713 3410 Magi,
738 3323 976 3387 conticuerunt.
1024 3321 1118 3386 Tune
1141 3323 1187 3386 ait

182 3422 360 3500 Merlinua,
387 3424 444 3511 qui
458 3424 498 3500 jet
519 3423 715 3506 Ambrosius
736 3423 925 3487 dicebatur:
950 3430 970 3457 “
984 3421 1129 3486 Domine
1141 3422 1187 3485 mi

180 3543 250 3597 rex,
281 3541 364 3586 roca
387 3521 554 3604 operarios
579 3530 666 3597 tuos
693 3529 727 3585 et
746 3521 827 3605 jube
853 3520 967 3584 fodere
992 3528 1125 3595 terram,
1154 3527 1187 3583 et

181 3620 328 3684 invenies
350 3627 502 3705 stagnum
529 3621 590 3684 sub
612 3641 650 3684 ea
670 3620 760 3704 quod
773 3619 893 3682 turrim
914 3626 1002 3682 stare
1022 3640 1087 3681 non
1113 3641 1186 3701 per·
1247 3619 1248 3622 ’

180 3719 318 3782 mittit.''
366 3717 466 3796 Quod
480 3741 554 3782 cum
571 3718 696 3783 factum
710 3719 839 3793 fuisset,
859 3726 1028 3801 repertum
1049 3725 1099 3780 est
1113 3718 1187 3782 ilico

183 3825 338 3902 stagnum
376 3817 437 3881 sub
473 3826 575 3892 terra,
612 3817 700 3901 quod
737 3838 808 3881 eom
838 3815 1023 3880 instabilem
1052 3815 1186 3882 fecerat.

183 3915 333 3980 Accessit
347 3915 468 3979 iterum
483 3915 679 3980 Ambrosius
696 3914 858 3979 Merlinus
870 3914 913 3978 ad
929 3912 1060 3997 Magos,
1077 3921 1111 3976 et
1125 3915 1187 3980 ait:

185 4012 325 4076 “Dicite
350 4013 430 4077 mihi
455 4014 628 4078 mendaces
657 4013 855 4088 adulatores,
881 4012 960 4096 qnid
984 4008 1056 4075 sub'
1072 4020 1188 4098 stagno

185 4109 256 4177 est?
267 4115 286 4142 '’
334 4109 405 4176 Nee
419 4134 521 4177 unum
537 4113 673 4176 verbum
692 4112 926 4196 respondentes
942 4111 1187 4175 obmutuerunt.
1283 4146 1284 4150 =

187 4209 233 4280 Et
247 4212 367 4276 iterum
383 4213 466 4277 dixit
480 4212 551 4298 regi
566 4236 573 4277 :
599 4221 618 4247 “
631 4210 787 4297 Praecipc,
804 4231 873 4287 rex,
894 4209 1021 4275 hauriri
1036 4218 1188 4292 stagnum
