2862 4870
386 439 543 482 maroam
557 439 629 482 aue.
640 439 723 483 narr.
739 441 800 483 urs.
814 439 862 484 111.
1086 423 1126 482 45

130 605 234 668 pesce:
254 585 379 648 nullam
401 585 490 648 euim
511 583 668 648 adversus
684 604 759 648 eum
773 583 895 648 habere
909 583 1008 648 debes
1032 583 1127 661 iram,

130 684 186 767 qui
195 684 252 747 tibi
265 684 389 746 nullam
405 683 634 746 contumeliam
648 682 807 747 intulerit.
843 679 930 746 Nam
947 682 1036 767 quod
1051 703 1126 748 cau·

130 783 209 844 saris
222 791 254 845 te
264 781 416 845 videlicet
427 781 589 845 anatione
603 788 729 864 tuaper
739 801 814 845 eum
824 780 995 863 expulsum
1010 780 1123 858 fuisso,

129 879 158 942 si
178 889 324 943 eventum
339 881 389 943 rei
408 879 598 964 diligentius
616 878 739 942 intueri
754 878 924 954 institeris,
940 880 1126 946 nullatenus

128 978 266 1061 reperies
281 979 370 1061 quod
384 978 581 1061 injustitiam
601 977 742 1041 vocabis
788 973 867 1040 Non
887 977 973 1040 enim
997 978 1125 1064 fugavit

128 1082 163 1137 te
185 1085 220 1138 ut
238 1077 382 1141 deterius
404 1077 467 1141 tibi
487 1076 706 1160 contingeret:
738 1074 797 1138 sed
825 1075 933 1159 coligit
962 1075 1126 1144 deteriora

128 1173 797 1259 postponeretutadpotiorasublimareris.
816 1172 1126 1259 Subditusnamqua

127 1270 173 1333 illi
188 1281 311 1354 partem
326 1275 420 1358 regui
435 1273 634 1357 possidebas,
653 1293 751 1355 quam
771 1281 809 1335 ut
829 1271 978 1345 amisisti,
998 1294 1058 1356 par
1078 1275 1125 1340 illi

128 1371 257 1435 effectus
272 1394 319 1448 es,
335 1372 552 1457 Allobrogum
566 1392 705 1456 reguum
716 1371 865 1453 adeptus.
913 1369 1004 1448 Quid
1024 1371 1126 1457 igitur

125 1467 210 1544 fecit,
225 1471 288 1533 nisi
304 1471 393 1553 quod
407 1493 448 1534 ex
459 1491 602 1553 paupere
615 1470 731 1554 regulo
739 1478 774 1532 te
785 1470 819 1532 in
828 1468 999 1532 sublimem
1014 1491 1125 1555 regem

8 1567 9 1574 ’
126 1566 303 1648 promovit?
326 1568 424 1633 Adde
444 1569 533 1652 quod
552 1568 723 1631 dissidium
739 1567 898 1630 intervos
925 1575 1034 1630 ortum
1058 1590 1125 1634 non

125 1685 180 1746 per
202 1667 310 1749 ipsum
331 1668 389 1730 sed
411 1689 470 1751 per
492 1675 527 1730 te
550 1674 691 1749 coeptum
714 1665 789 1740 fuit,
812 1665 870 1748 qui
895 1665 1016 1730 auxilio
1036 1667 1124 1752 regis

6 1825 8 1838 ,
127 1762 310 1851 Norwegiae
324 1765 441 1841 fretus,
451 1765 487 1828 id
497 1765 601 1848 ipsum
613 1784 773 1848 exurgere
782 1768 1014 1830 aestuaveras”
1061 1765 1124 1830 Su·

125 1883 179 1945 per
200 1865 253 1928 his
277 1886 366 1950 ergo,
384 1886 451 1948 quae
472 1865 543 1947 ipsa
566 1885 641 1927 cum
665 1863 746 1926 fletu
768 1871 985 1945 expresserat,
1005 1873 1124 1943 motus,

126 1963 235 2026 sedato
259 1964 368 2026 animo
395 1963 557 2026 obedivit:
581 1970 615 2026 et
640 1962 729 2025 ultro
752 1960 901 2045 deposita
922 1963 1025 2047 galea,
1053 1985 1124 2028 cum

123 2059 174 2124 illa
194 2062 239 2125 ad
262 2061 401 2126 fratrem
427 2060 582 2144 perrexit.
630 2058 765 2122 Belinus
789 2081 867 2145 ergo
889 2070 928 2124 ut
949 2060 1041 2124 illum
1056 2083 1126 2128 cum

124 2161 213 2224 vultu
228 2160 317 2244 pacis
332 2161 375 2224 ad
391 2181 426 2224 se
440 2159 552 2223 venire
564 2158 744 2241 conspexit,
756 2158 892 2241 abjectis
902 2159 999 2222 armis
1010 2159 1045 2224 iu
1060 2181 1125 2224 am-

123 2261 235 2344 plexus
261 2260 406 2342 ejusdem
421 2279 495 2322 cum
511 2257 621 2321 osculo
645 2257 798 2321 cucurrit.
845 2256 916 2322 Nec
930 2278 1031 2334 mora,
1047 2258 1126 2324 facti

124 2367 197 2422 suut
220 2357 327 2433 amici,
344 2365 378 2421 et
393 2356 581 2420 cohortibus
606 2356 780 2419 exarmatis
803 2356 919 2419 urbem
944 2355 1125 2422 Trinouan-

123 2463 191 2519 tum
205 2456 392 2530 adiverunt,
404 2455 450 2518 ibi
466 2454 600 2518 consilio
616 2463 710 2536 capto
727 2454 807 2539 quid
821 2454 977 2529 facerent,
990 2475 1125 2537 parave-

123 2564 199 2619 runt
214 2554 396 2620 exercitum
405 2573 604 2616 communem
614 2552 650 2615 in
667 2550 849 2616 Galliarum
865 2560 977 2636 partes
993 2552 1123 2628 ducere,

126 2664 322 2737 cunctasque
332 2651 516 2735 provincias
532 2671 598 2714 sua
608 2652 765 2734 potestati
780 2651 983 2716 submittere.

225 2974 240 3054 ξ
263 2975 291 3035 8.
314 2991 389 3033 ross
411 2989 548 3032 emersu
568 2989 738 3045 suslcrlu,
753 2990 871 3032 *seusu
893 2989 1022 3033 esruur.

139 3135 182 3185 i„
196 3128 341 3177 22„
368 3170 373 3177 ,
427 3099 596 3166 MENSO
609 3101 725 3166 deinde
734 3123 819 3164 anno
829 3101 1127 3166 transfretaverunt

167 3190 215 3233 ῗ
425 3197 1124 3283 inGallias,patriamquevastarccoeperunt.

140 3382 143 3383 ⁷
284 3288 295 3291 “
324 3282 383 3367 [δ
427 3297 526 3376 Quod
552 3319 626 3361 cum
652 3319 711 3381 per
742 3299 890 3362 nationes
923 3299 1126 3382 divulgatum

132 3473 135 3480 Ξ
287 3424 296 3449 ³
425 3396 899 3471 fuisset,conveneruntomnes
910 3397 1016 3481 reguli
1026 3395 1128 3458 Fran-

329 3532 365 3577 Ξ
426 3516 549 3570 corum,
562 3495 754 3579 obviamque
768 3496 935 3560 venientes
947 3502 1061 3558 contra
1072 3513 1127 3556 eos

133 3594 147 3600 ”
199 3582 379 3632 “³²²⁴
426 3593 671 3658 dimicaverunt.
716 3594 765 3658 At
786 3593 902 3658 Belino
926 3602 960 3657 et
984 3591 1128 3656 Brennio

120 3689 255 3754 victoria
270 3692 496 3774 provenientc;
526 3691 646 3756 Franci
667 3693 846 3756 vulneratis
868 3691 1009 3756 catervis
1031 3689 1127 3752 diffu-

120 3798 246 3868 gerunt.
303 3788 388 3854 Mox
425 3790 580 3854 Britones
607 3800 640 3854 et
676 3790 872 3874 Allobroges
895 3797 933 3852 ut
959 3788 1126 3871 triumpho

121 3886 213 3967 potiti
229 3896 316 3964 sunt,
337 3889 502 3975 fugientes
526 3888 639 3954 Gallos
667 3889 796 3974 insequi
812 3910 878 3952 non
905 3889 1126 3964 cessaverunt,

121 3982 219 4049 donec
243 3989 348 4071 captis
370 3989 503 4074 regibus
529 3990 617 4072 ipsos
644 3989 686 4052 ad
712 3985 909 4052 deditionem
935 3989 1126 4070 coegerunt.

7 4109 9 4120 ,
123 4078 263 4150 Munitis
287 4087 385 4152 etiam
408 4088 545 4154 urbibus
570 4087 703 4162 eversis,
738 4095 846 4151 totum
876 4107 1015 4170 regnum
1042 4087 1131 4150 intra
