2862 4870
386 476 544 522 msroarn
564 475 638 520 nus.
653 475 736 521 narr.
751 474 814 521 um.
828 474 871 518 rr.
1089 457 1129 522 57

9 579 11 630 ξ
127 621 278 708 dignitati
291 627 458 705 praestare.
505 620 602 686 Prius
625 628 736 686 tamen
761 617 979 684 mandandum
1005 619 1129 686 osteis

9 785 11 802 ,
125 730 160 786 ut
173 721 327 786 inaccessi
343 741 364 784 a
379 718 505 804 Populo
527 718 678 784 Romano
701 727 735 782 et
756 717 872 782 intacti
892 716 1032 803 vectigal
1054 717 1128 782 red·

9 815 11 878 i
125 820 215 910 dant,
223 828 258 884 et
268 827 306 883 ut
316 826 441 882 caetera
452 826 578 904 gentes,
595 816 827 901 subjectionem
844 814 981 880 Senatui
995 815 1128 884 famant:

9 929 10 978 ἱ
125 939 239 984 nenos
254 918 398 1002 ipsorum
413 925 626 1003 cognatorum
641 914 833 999 sanguinem
846 913 1031 992 fundentes,
1047 917 1131 982 anti·

9 1011 11 1016 ’
121 1030 221 1102 'quam
250 1016 455 1081 nobilitatem
483 1015 588 1099 patris
613 1013 720 1078 nostri
746 1011 872 1076 Priami
897 1013 1129 1080 offendamus.''

9 1131 12 1200 ³,
128 1114 431 1196 Quodcumliteris
447 1113 515 1178 suis
536 1111 609 1198 regi
624 1110 870 1176 Gassibellauno
893 1111 1130 1178 mandavisset:

9 1205 11 1234 ¹
127 1215 312 1299 indignatus
341 1220 393 1277 est
423 1211 706 1279 Cassibellaunus:
740 1207 868 1294 ipsique
893 1209 1064 1300 epistolam
1096 1209 1132 1278 iu

127 1315 192 1380 hac
213 1313 316 1378 verba
331 1309 460 1380 direxit.

171 1569 185 1650 ς
206 1571 236 1630 2.
258 1583 525 1630 osssmunnsurus
544 1582 586 1625 nn
606 1579 760 1626 onssunrr
780 1580 954 1625 nrrsnoumr
975 1580 1091 1628 snum.

431 1693 831 1762 ASSIBELLAUNUS
864 1693 1037 1760 Britonum
1073 1716 1133 1761 rex

142 1782 159 1829 ἶ
219 1814 265 1865 :12
346 1796 358 1827 ⁷³
434 1794 515 1859 Caio
532 1793 622 1860 Julio
639 1793 772 1859 Gasani.
819 1791 1045 1884 Mirandaest‚
1062 1793 1133 1860 Oae-

260 1896 265 1905 '
336 1876 379 1979 ’ἶ
432 1913 496 1969 sar,
533 1893 646 1977 populi
682 1892 827 1957 Romani
862 1891 1041 1976 cupiditas:
1079 1893 1135 1978 qui

371 2062 374 2065 Α
432 1990 587 2075 quicquid
608 1998 660 2056 est
678 1991 752 2055 auri
776 1990 829 2055 vel
853 1991 982 2076 argenti
1008 1991 1133 2068 sitiens,

266 2146 302 2173 w
432 2090 547 2173 nequit
561 2110 622 2155 nos
636 2089 726 2153 intra
740 2087 885 2173 pericula
901 2087 1026 2155 Oceani
1040 2097 1136 2156 extra

81 2237 84 2244 .
342 2180 390 2237 ³2³²
432 2188 546 2252 orbem
560 2187 685 2272 positos
707 2188 795 2272 pati:
819 2188 899 2273 quin
921 2207 1038 2252 census
1059 2207 1135 2252 nos-

9 2269 11 2292 ³
131 2297 199 2352 tros
213 2293 370 2370 appetere
391 2293 576 2369 prasumat,
601 2307 682 2371 quos
705 2286 864 2350 hactenus
890 2285 1001 2371 quiete
1025 2305 1136 2371 posse·

133 2386 247 2450 dimus.
294 2381 366 2447 Nec
380 2384 442 2447 hoc
457 2383 590 2469 quidem
606 2384 734 2460 sufficit,
757 2384 821 2450 nisi
835 2384 1019 2469 postposita
1039 2385 1136 2450 liber·

132 2493 198 2553 tate
220 2483 457 2568 subjectionem
482 2483 513 2547 ei
534 2482 703 2559 faciamus,
730 2492 922 2568 perpetuam
947 2483 1137 2550 servitutem

133 2583 283 2652 subituri.
319 2579 539 2667 Opprobrium
553 2581 666 2666 itaque
679 2582 803 2666 petisti,
822 2581 944 2658 Caesar,
965 2601 1040 2646 cum
1054 2601 1138 2646 com.

9 2685 11 2776 f
133 2683 239 2746 munis
254 2679 436 2746 nobiJitatis
450 2700 534 2744 vena
549 2679 740 2744 Britonibus
752 2686 786 2744 et
800 2678 959 2744 Romanis
973 2681 1015 2746 ab
1030 2677 1139 2748 AEnea

9 2783 10 2850 i
134 2781 263 2855 defluat,
280 2784 315 2842 et
337 2777 481 2861 ejusdem
503 2777 706 2862 cognationis
725 2799 793 2842 una
821 2787 855 2844 ct
881 2778 995 2844 eedem
1024 2787 1140 2846 catena

133 2879 344 2964 prefulgeat:
381 2898 447 2960 qua
482 2876 575 2942 firma
610 2876 754 2944 amicitia
790 2876 945 2962 conjungi
969 2876 1137 2946 deberent.

135 2977 195 3042 Illa
208 2978 313 3064 igitur
338 2997 359 3040 a
377 2975 472 3040 nobis
495 2975 638 3059 petenda
657 2983 754 3052 esset,
770 2997 836 3040 non
852 2976 1003 3042 servitus.
1050 2976 1140 3057 Quia

135 3098 205 3142 eam
233 3076 345 3161 potius
370 3074 485 3160 largiri
510 3074 682 3139 didicimus
709 3095 808 3160 quam
833 3075 1001 3142 servitutis
1019 3076 1140 3162 jugum

134 3175 230 3240 ferre.
286 3172 487 3237 Libertatem
517 3193 654 3257 namque
690 3173 725 3236 in
753 3180 883 3238 tantum
913 3175 1141 3244 consuevimus

134 3273 264 3348 habere,
296 3271 384 3356 quod
411 3291 547 3354 prorsus
583 3271 772 3356 ignoramus
804 3271 882 3356 quid
913 3271 957 3336 sit
989 3273 1141 3338 servituti

138 3372 286 3437 obedire:
325 3389 425 3453 quam
449 3369 477 3432 si
500 3368 563 3452 ipsi
590 3368 636 3432 dii
661 3377 859 3434 conarentur
882 3370 976 3434 nobis
1003 3371 1140 3457 eripere,

132 3470 381 3537 elaboraremus
395 3467 510 3551 utique
532 3467 621 3530 omni
636 3467 712 3531 nisu
726 3467 892 3545 resistere,
918 3476 957 3533 ut
979 3489 1048 3533 eam
1063 3470 1141 3535 reti·

138 3589 296 3636 neremus.
350 3566 492 3652 Liqueat
506 3566 608 3650 igitur
623 3566 828 3651 dispositioni
842 3574 920 3642 tuae,
938 3566 1060 3644 Caesar,
1082 3589 1143 3634 nos

139 3688 196 3751 pro
210 3668 267 3732 illa
282 3674 316 3732 et
330 3687 391 3750 pro
406 3684 509 3750 regno
528 3671 642 3728 nostro
659 3672 874 3750 pugnaturos,
902 3664 940 3740 si,
960 3673 1000 3728 ut
1014 3666 1143 3730 commi·

9 3849 11 3862 .
140 3773 234 3839 uatus
249 3786 295 3840 ce,
310 3763 548 3835 intrainsulam
558 3760 739 3826 Britanniae
751 3762 961 3846 supervenire
972 3763 1142 3852 inceperis.
