2872 4876
327 351 481 405 ssrunn.
506 351 696 405 alermum
719 353 792 405 ma.
816 353 870 404 111.
1064 338 1105 410 15

97 505 160 580 sed
179 503 294 593 coegit
307 503 486 580 deteriora
499 512 722 594 postponere,
744 511 787 578 ut
802 505 848 582 ad
868 506 1008 594 potiora
1024 511 1109 585 sub-

95 606 295 683 limareris:
320 605 484 680 subditus
500 629 652 692 namque
663 605 718 678 illi
729 612 870 693 partem
880 608 981 696 regni
993 609 1110 696 possi·

96 706 217 798 debas,
240 730 347 791 quam
359 704 524 792 amisisti,
534 729 601 791 par
611 704 666 776 illi
681 704 799 780 faetus
811 729 861 793 es,
871 706 1107 798 Allobrogum

94 828 245 893 regnum
261 804 420 890 adeptus.
466 804 560 893 Quid
574 805 685 893 igitur
700 803 816 880 feeit?
861 805 945 880 Nisi
960 807 1003 881 de
1017 835 1107 896 pau-

94 929 181 991 pere
194 904 327 992 regulo,
342 928 511 992 magnum
526 927 645 992 regem
664 903 853 992 promovit,
868 912 905 978 et
921 905 1107 988 clariorem

97 1027 284 1090 sponsam:
302 1002 401 1091 adde,
410 1003 598 1078 dissidium
606 1003 702 1076 inter
712 1026 776 1076 vos
786 1009 906 1078 ortum
921 1029 991 1078 non
1001 1032 1108 1094 prop-

96 1112 156 1178 ter
180 1102 311 1190 ipsum,
335 1102 397 1176 sed
416 1127 480 1189 per
504 1110 542 1176 te
562 1102 755 1190 inemptum
781 1101 863 1190 fuit,
885 1103 947 1189 qui
971 1106 1107 1182 auxilio

96 1202 192 1290 regis
214 1201 402 1288 Norvegiae
415 1200 531 1274 fretus
549 1199 790 1274 insurrexisti.
836 1200 973 1290 Quibus
988 1205 1107 1280 verbis

95 1301 226 1376 matris
237 1300 419 1388 delinitus,
441 1299 602 1387 deposita
613 1300 724 1388 galea,
747 1324 829 1374 oum
843 1307 959 1376 matre
975 1302 1020 1376 ad
1034 1303 1108 1377 fra-

96 1409 193 1476 trem
211 1399 380 1488 perrexit.
425 1399 574 1475 Belinus
589 1399 712 1472 videns
728 1399 911 1488 inermem,
927 1401 1032 1478 vultu
1046 1427 1109 1490 pa

97 1501 150 1573 eis
166 1525 248 1572 eum
263 1499 449 1586 amplexus
470 1505 536 1585 est,
559 1505 596 1570 et
611 1498 707 1570 facta
721 1521 851 1586 magna
864 1523 961 1587 paee,
983 1503 1109 1575 urbem

99 1598 360 1675 Trinovantum
374 1606 567 1672 venerumt:
583 1596 635 1670 ibi
650 1596 798 1672 oonsilio
807 1596 898 1671 inito
909 1598 994 1684 quid
1005 1624 1111 1688 agen·

97 1698 185 1772 dum
200 1705 306 1784 esset,
325 1703 500 1784 pararunt
514 1720 684 1784 magnum
699 1695 896 1770 exereitum
916 1697 954 1768 in
975 1697 1111 1774 earna—

98 1823 182 1871 rum
197 1795 409 1886 provincias,
430 1803 474 1869 ut
498 1819 559 1870 eas
582 1803 802 1883 superarent.
847 1795 1003 1870 Emenso
1018 1801 1111 1874 anno

95 1897 135 1970 in
146 1896 286 1972 Gallias
296 1894 588 1983 transfretaumt,
597 1901 635 1968 et
645 1893 744 1970 Galli
754 1894 879 1969 multis
891 1896 1112 1984 asperrimis-

97 2019 167 2083 que
181 1994 406 2072 conflictibus
421 1994 551 2084 attriti,
574 1994 701 2070 Belino
718 2003 757 2068 et
771 1995 915 2069 Brenno
930 2020 1110 2072 conoesse-

97 2101 194 2168 runt.
241 2093 331 2170 Mox
346 2093 513 2172 Britones
528 2100 567 2170 et
581 2093 794 2182 Allobroges
805 2093 969 2183 victores,
985 2095 1109 2171 Gallos

98 2199 376 2282 prosequuntur,
397 2193 508 2270 donee
536 2192 651 2280 captis
672 2192 816 2280 regibus
840 2191 936 2280 ipsos
960 2196 1110 2274 submit-

97 2300 175 2366 tere
193 2315 271 2366 sese
286 2299 485 2379 coegerunt.
517 2291 565 2367 In
579 2316 723 2368 eoanno
734 2297 832 2366 totas
844 2291 982 2370 Gallias
992 2294 1110 2384 aequi

98 2393 264 2466 sivenmt
277 2390 403 2468 miultis
419 2391 568 2470 urbibus
584 2390 728 2468 eversis.
774 2389 920 2466 Pacatis
944 2392 996 2468 ibi
1009 2393 1109 2482 regui

99 2491 303 2567 Galliarum
317 2491 435 2578 rebus,
451 2491 605 2568 Romam
619 2499 740 2577 potere
755 2490 962 2582 deliberant,
979 2500 1017 2567 et
1031 2493 1110 2568 Ita-

99 2591 187 2665 liam
198 2589 440 2678 pessumdare.
484 2590 631 2678 Ingenti
641 2590 764 2680 itaquo
774 2599 950 2682 apparatu
964 2592 1109 2669 Britan

98 2715 228 2766 norum
244 2697 282 2764 et
301 2689 500 2779 Gallorum,
514 2693 621 2766 urbes
636 2696 674 2763 et
688 2689 888 2777 provinoias
903 2689 1023 2768 Italia
1036 2698 1109 2769 sta

98 2791 168 2865 tim
199 2787 472 2878 depopulantur.
517 2788 636 2865 Erant
658 2794 746 2868 tune
772 2789 900 2865 Rome
923 2789 994 2866 duo
1017 2790 1109 2870 Oen·

99 2891 209 2979 soles,
231 2888 369 2964 Gabios
384 2894 423 2964 et
437 2886 631 2977 Porsenna,
646 2912 798 2975 querum
812 2887 976 2976 regimini
990 2890 1110 2977 patrie

101 2988 293 3066 oommissa
311 2986 448 3060 fuerat:
471 2987 533 3074 qui
559 3013 640 3063 oum
664 2988 833 3064 resistere
856 3013 926 3068 non
951 2997 1109 3079 possent,

101 3112 252 3166 assensu
263 3085 477 3162 Senatorum
491 3093 667 3162 venerumt
682 3086 727 3160 ad
741 3086 823 3161 illas
839 3089 1061 3168 coneordiem
1071 3097 1109 3167 et

102 3187 298 3264 amicitiam
309 3193 492 3273 petentes3
514 3185 723 3259 obtulerunt
733 3185 842 3258 etiam
850 3187 1006 3272 plurima
1016 3189 1109 3270 dona

102 3288 181 3363 auri
201 3295 240 3361 et
262 3285 421 3374 argenti3
455 3284 603 3373 singulis
629 3285 731 3358 annis
753 3284 940 3374 tributum,
974 3296 1017 3360 ut
1044 3313 1109 3362 sua

102 3414 182 3463 eum
196 3410 284 3475 paee
297 3385 478 3473 possidere
489 3385 702 3472 sinerentur,
719 3383 872 3472 sumptis
888 3409 970 3473 ergo
979 3387 1111 3465 obsidi-

101 3490 168 3562 bus
199 3484 340 3558 veniam
371 3509 472 3572 reges
498 3483 672 3560 donavere
696 3483 927 3569 cohortesque
958 3509 1041 3558 suas
1070 3486 1108 3564 iu

103 3585 333 3663 Gemauiam
349 3584 539 3671 duxerunt,
555 3583 758 3660 instaurato
776 3582 876 3669 prius
893 3583 1032 3673 Rhegio
1047 3586 1109 3665 Li-

102 3686 252 3775 gustino,
285 3683 379 3770 quod
400 3682 625 3758 immanitate
654 3682 818 3758 Brennus
844 3689 1031 3772 everterat,
1062 3686 1108 3760 ad
1227 3727 1233 3742 =

103 3782 390 3859 eommoditatem
404 3783 458 3856 rei
466 3781 640 3871 gerenda:
653 3781 716 3856 ubi
724 3780 972 3868 perbiennium
983 3783 1109 3860 immo·

103 3891 205 3958 ratus
222 3883 424 3958 Germanos
440 3881 591 3970 subegit,
606 3887 644 3954 et
652 3880 878 3956 Brenaonam
893 3883 1051 3958 condidit
1064 3885 1107 3959 de

104 3984 249 4057 nomina
264 3982 388 4072 ipsius,
411 4007 489 4070 qua
513 4005 608 4060 ulmo
627 3979 939 4068 corruptoribus
954 3982 1106 4068 Verona,
