2848 4888
381 497 539 544 ursmare
553 499 626 544 nro.
641 499 724 545 eurr.
739 499 802 545 ure.
823 497 878 541 vn.
1084 483 1142 546 127

129 647 238 726 atque
259 641 467 710 submarinas
492 641 626 708 iusidias
654 643 937 710 maehinabuntur.
989 641 1144 712 submer-

1 778 2 784 1
129 750 216 826 gent
230 741 371 817 aarum,
387 749 422 806 et
432 751 606 827 argentum
620 763 686 808 non
700 743 871 808 minimum
886 743 1142 828 congregabunt.

1 873 2 876 π
132 838 330 904 Fluctuabit
344 840 466 905 iterum
482 840 672 907 Tamensis:
696 841 947 925 convocatisque
955 840 1143 906 fluminibus

1 934 2 956 ¹
131 937 228 1002 ultra
247 947 353 1003 metas
372 940 456 1007 alvei
481 940 657 1024 procedet:
679 939 778 1006 urbes
803 939 927 1004 ricinus
947 941 1142 1006 occultabit:

130 1038 372 1121 oppositasque
385 1047 513 1104 montes
529 1039 708 1104 subvertet.
747 1037 926 1104 Adhibebit
941 1039 1004 1104 sibi
1017 1038 1143 1105 fontem

133 1133 261 1199 Galaes
290 1136 366 1202 dolo
395 1144 429 1202 et
458 1137 606 1220 nequitia
641 1136 795 1221 repletus.
844 1135 1004 1204 Orientur
1033 1159 1076 1202 ex
1104 1159 1144 1203 eo

132 1233 316 1298 seditiones
335 1243 550 1318 provocantes
573 1233 763 1300 Venedotos
782 1235 825 1300 ed
848 1235 970 1318 prelia
1017 1234 1144 1301 (lonve-

132 1331 232 1396 nient
258 1353 431 1398 nemorum
458 1333 588 1408 robore,
619 1341 652 1399 et
682 1353 757 1398 cum
786 1333 873 1398 saxis
901 1332 1144 1400 Gewisseorum

132 1431 404 1514 congredientur.
448 1429 568 1498 Aderit
582 1452 700 1498 corvus
722 1452 798 1495 cum
815 1431 935 1506 miluis,
960 1439 994 1495 et
1008 1453 1145 1516 corpora
1275 1495 1279 1504 ,

132 1537 384 1613 peremptorum
399 1529 578 1596 devorabit.
626 1528 734 1613 Super
748 1549 862 1594 muros
878 1528 1145 1596 Olaudioeestriae

132 1627 317 1693 nidificabit
335 1628 435 1704 bubo,
456 1636 490 1692 et
513 1628 548 1692 in
573 1628 650 1694 nido
673 1628 745 1711 ejus
771 1628 995 1712 procreabitur
1020 1629 1142 1695 asinus.

1 1744 2 1810 }
134 1725 305 1791 Educabit
319 1727 413 1790 illum
427 1748 561 1810 serpens
585 1725 790 1802 Malveruire,
812 1727 900 1790 etin
922 1727 1033 1810 plures
1053 1728 1144 1794 dolos

134 1825 366 1890 commovebit.
414 1825 554 1909 Sumpto
570 1825 755 1890 diedemate
774 1825 985 1892 transcendet
1006 1828 1144 1903 excelsa,

1 1941 2 1970 ³
134 1932 170 1988 et
207 1924 346 1988 horrido
381 1933 540 1988 racanatu
576 1924 733 2008 populum
762 1922 877 2007 patria
909 1925 1056 1990 terrebit.
1103 1925 1144 1990 ln

1 2046 2 2100 ι
134 2022 253 2086 diebus
272 2022 345 2106 ejus
364 2023 555 2088 titubabunt
576 2029 704 2088 montes
725 2019 892 2097 Panchaii,
916 2029 950 2086 et
969 2023 1144 2106 provinciae

1 2109 2 2167 Ῐ
133 2121 327 2186 nemoribus
363 2121 431 2186 suis
462 2120 701 2204 spoliabuntur.
758 2118 975 2203 superveniet
1003 2142 1144 2206 namque

133 2221 258 2286 vermis
280 2221 367 2306 ignei
390 2219 575 2284 anhelitus:
610 2218 669 2302 qui
690 2217 809 2282 emisso
831 2238 952 2302 vapore
975 2221 1145 2286 comburet

1 2301 2 2384 s
133 2320 283 2384 arbores.
331 2317 553 2404 Egredientur
576 2338 617 2382 ex
640 2339 679 2382 eo
702 2325 827 2400 septem
851 2317 962 2382 leones
984 2319 1144 2401 capitibus

134 2419 305 2484 hircorum
333 2418 469 2502 turpati.
517 2416 648 2482 Foetore
673 2417 801 2482 narium
822 2417 976 2482 mulieres
998 2439 1143 2484 corrrum-

1 2528 2 2602 ἦ
134 2526 231 2601 pent:
264 2525 298 2581 et
324 2517 473 2601 proprias
503 2537 690 2582 communes
714 2515 844 2582 facient.
891 2514 1026 2582 Nesciet
1050 2525 1145 2601 pater

1 2606 2 2672 ἶ
134 2617 309 2700 proprium
344 2615 465 2680 tilium:
511 2615 590 2698 quia
624 2636 716 2680 more
759 2615 921 2699 pecudum
964 2616 1142 2682 lascivient

138 2713 359 2798 Superveniet
373 2734 452 2778 vero
462 2712 556 2799 gigas
567 2714 734 2799 nequitie,
746 2715 803 2798 qui
815 2714 984 2779 oculorum
995 2715 1144 2780 acumine

1 2819 2 2874 ξ
134 2813 279 2878 terrebit
293 2811 473 2877 universos.
520 2811 688 2896 Exsurget
702 2813 736 2874 in
752 2833 827 2876 eum
842 2811 1143 2897 uraeowigornias,

136 2919 173 2976 et
187 2933 265 2976 eum
280 2911 500 2976 exterminare
514 2911 705 2976 conabitur:
727 2911 816 2976 facto
830 2920 941 2976 autem
956 2932 1143 2996 congressu,

136 3009 349 3093 superabitur
376 3007 485 3085 draco,
516 3016 550 3072 et
578 3009 726 3093 nequitia
761 3010 893 3075 victoris
930 3010 1142 3093 opprimetur.

136 3107 306 3174 Ascendet
325 3129 468 3191 namque
487 3107 671 3184 draconem,
694 3117 727 3173 et
753 3117 853 3173 exuta
875 3117 966 3174 veste
991 3109 1144 3174 insidebit

135 3209 257 3272 nudus.
315 3205 414 3271 Feret
442 3206 535 3270 illum
564 3207 608 3272 ad
637 3207 787 3272 sublimia
816 3207 935 3272 draco:
972 3215 1145 3290 erectaque

137 3307 244 3374 eeuda
264 3303 451 3370 verberabit
469 3304 639 3370 nudatum.
686 3304 870 3388 Resumpto
893 3307 1013 3370 iterum
1032 3305 1145 3390 vigore

137 3407 243 3492 giges,
273 3402 387 3470 fauces
415 3402 502 3468 illius
532 3403 642 3486 gladio
679 3403 872 3488 confringet.
920 3403 1145 3486 Implicabitur

137 3505 273 3570 tandem
292 3501 354 3566 sub
370 3500 474 3566 cauda
494 3501 565 3583 ejus
586 3500 693 3575 draco,
720 3511 754 3564 et
779 3509 958 3566 venenatus
987 3502 1143 3567 interibit.

140 3601 303 3668 Succedet
316 3607 392 3684 post
405 3599 497 3664 illum
515 3598 711 3664 Totonesius
727 3621 816 3682 aper,
837 3609 871 3664 et
887 3599 959 3663 dira
972 3601 1146 3686 tyrannide

135 3700 302 3783 opprimet
315 3697 483 3782 populum,
528 3696 719 3762 Eliminebit
735 3696 992 3762 Olaudiocestria
1005 3699 1143 3776 leonem,

139 3799 196 3882 qni
211 3797 349 3862 dirersis
363 3795 482 3880 preliis
491 3795 686 3879 inquietabit
695 3796 892 3860 saevientem.
933 3794 1145 3861 Consuleebit

139 3918 216 3962 eum
246 3896 307 3962 sub
336 3895 474 3978 pedibus
504 3896 582 3970 suis,
613 3895 801 3978 apertisque
824 3895 973 3958 faucibus
996 3895 1143 3960 terrebit.

141 3995 227 4062 cum
253 4015 356 4080 regno
385 3993 517 4060 tandem
545 3994 687 4080 litigabit
715 3994 777 4070 leo,
805 4003 839 4058 et
866 4003 962 4080 terga
989 3995 1147 4059 nobilium

139 4093 360 4159 transcendet.
408 4092 625 4176 superveniet
653 4101 771 4157 taurus
804 4093 918 4180 litigio,
949 4102 983 4158 et
1019 4094 1145 4158 leonem
1223 4089 1225 4092 ’

141 4192 260 4256 dextro
273 4191 357 4274 pede
371 4191 542 4273 percutiet.
589 4190 741 4275 Expellet
756 4211 831 4255 eum
846 4211 905 4273 per
926 4191 1020 4276 regni
1040 4191 1145 4256 disere
