2872 4876
306 440 461 496 sumu.
485 439 676 496 marorum
698 441 772 495 ura.
795 444 846 496 rv.
1050 425 1098 496 35*

1 651 2 674 r
89 595 227 669 obsedit
236 595 419 669 civitatem
431 595 650 683 diversisque
660 595 983 670 machinationibus
992 595 1093 670 illam

1 703 2 762 ἴ
89 695 285 782 opprimere
294 695 487 768 nitebatur.
531 695 730 783 Aruiragus
741 721 825 769 vero
834 704 876 769 ut
888 719 964 770 sese
976 699 1095 770 obses-

1 849 2 889 3
90 819 168 866 sum
183 794 350 883 inspexit
375 794 568 868 desociavit
590 801 751 868 catervas
772 820 865 884 suas,
892 796 1095 882 apertisque

1 896 2 905 ’
87 894 201 982 portis
214 894 956 983 adconflietumegressusestmagnanime.
987 895 1096 968 Oum-

1 1023 2 1072 r
89 1018 155 1080 que
170 992 407 1081 irruptionem
421 992 592 1066 inhostes
604 994 721 1068 faeere
733 995 945 1082 affectasset
961 993 1096 1066 direxit

1 1148 2 1185 o
90 1092 262 1166 Claudius
274 1092 444 1164 nuncium
460 1092 505 1165 ad
519 1092 648 1181 ipsum,
660 1093 844 1181 mandans,
859 1100 902 1166 ut
919 1093 1098 1166 eoncordi-

1 1231 2 1246 κ
91 1217 148 1265 am
174 1191 293 1279 iniret,
323 1191 452 1278 quippe
481 1192 634 1265 timebat
659 1192 753 1280 regis
770 1192 1096 1281 audaciamBrito-

1 1297 2 1360 ἰ
90 1316 245 1378 numque
256 1291 514 1379 fortitudinem,
529 1291 810 1379 praeferebatque
825 1291 921 1379 ipsos
937 1316 1044 1364 sensu
1058 1297 1097 1364 et

91 1389 267 1478 sapientia
282 1391 482 1478 subjugare,
493 1391 613 1478 potius
629 1416 736 1478 quam
751 1391 898 1463 dubium
914 1399 1094 1465 certamen

1 1553 2 1590 3
89 1489 444 1575 iuiro:promittebat
456 1489 627 1564 Claudius
640 1489 818 1562 illifiliam
831 1515 868 1562 se
878 1490 1046 1562 daturum
1057 1489 1096 1562 in

89 1612 248 1676 uxorem,
274 1589 305 1661 si
319 1590 727 1678 tantummodoregnum
736 1589 933 1679 Britannia
945 1591 1012 1661 sub
1024 1588 1099 1660 Ro-

89 1713 197 1760 mana
206 1695 385 1773 potestate
397 1690 668 1778 reoognovisset.
714 1687 932 1777 Postpositis
945 1687 1097 1776 ergodo-

89 1787 353 1875 bellationibus‚
388 1795 578 1862 suaserunt
604 1789 759 1876 majores
795 1795 885 1860 natu
919 1787 1096 1875 Arvirago

1 1889 2 1893 ’
90 1885 385 1974 promissionibus
408 1886 550 1960 Claudii
577 1887 798 1974 adquiescere
825 1887 970 1960 debere:
1004 1887 1097 1960 dioe-

90 1988 179 2059 bant
203 1985 328 2071 utique
351 1985 385 2058 ei
404 1985 565 2060 dedecori
589 2012 660 2060 nou
680 2011 768 2075 esse,
794 1986 826 2059 si
839 1985 950 2059 fuerit
970 1994 1098 2073 sponte

1 2158 2 2174 ,
90 2108 235 2158 eonoors
250 2108 331 2157 oum
355 2084 541 2174 Romanis,
552 2085 692 2174 quando
706 2084 961 2174 propemodum
982 2085 1096 2158 totius

1 2185 2 2252 j
90 2184 187 2258 orbis
198 2183 348 2270 imperio
358 2183 554 2278 potiantur,
569 2185 698 2271 quibus
720 2208 913 2272 persuasus
929 2184 1098 2271 subjecti-

89 2308 195 2357 onem
218 2281 352 2355 Gaesari
368 2281 468 2356 feeit.
520 2283 608 2357 Mox
631 2284 802 2358 Claudius
824 2282 936 2355 filiam
959 2281 1097 2370 aoeivit,

1 2414 2 2462 ἒ
90 2391 127 2457 et
151 2381 286 2455 auxilio
312 2381 482 2471 Aruiragi
501 2407 599 2472 usus,
625 2383 783 2458 Orcadas
803 2389 841 2456 et
863 2381 1097 2469 provinciales

89 2481 228 2555 insulas
250 2481 424 2569 potestati
452 2507 524 2555 suae
548 2483 726 2556 submisit.
792 2482 950 2555 Emenso
971 2480 1097 2554 deinde

88 2581 217 2753 ἔξω,
231 2579 416 2752 lilim
429 2580 539 2670 legati
554 2605 634 2655 oum
650 2581 734 2670 fllia
750 2605 897 2668 eamque
912 2582 1008 2668 patri
1021 2589 1099 2654 tra-

1 2717 2 2740 :
152 2703 242 2753 erun

112 2926 149 2943 ι
171 2946 313 2966 2
342 2958 347 2965 β
376 2888 453 2942 asu
470 2874 590 2943 autem
614 2892 742 2943 nomen
764 2867 891 2956 puella
907 2866 1096 2958 Genuissa,

1 2989 2 3016 ¹
113 2980 190 3043 ἶ
256 3056 267 3069 Ἀ
302 2982 318 3014 ³
382 2970 601 3058 (quanquam
612 2967 838 3042 Invenissam
846 2973 950 3041 vocat
973 2966 1099 3040 Gildas

172 3212 226 3251 212
331 3210 343 3251 ῑ
379 3164 660 3252 supranaturali,
683 3190 754 3251 qua
774 3170 919 3237 tantum
949 3189 1014 3237 rex
1043 3164 1098 3237 in-

111 3344 192 3363 g:
263 3326 276 3339 2
379 3265 587 3337 flammatus
603 3263 684 3351 fuit,
705 3269 749 3336 ut
769 3261 872 3348 quasi
887 3270 1095 3352 moreretur,

105 3388 125 3395 ··
161 3362 356 3424 ΞτέΞ
378 3369 416 3436 et
428 3361 577 3435 Claudio
592 3384 699 3449 gener
713 3359 899 3447 ingereret
915 3365 958 3431 ut
972 3363 1097 3434 urbem

1 3549 2 3556 χ
89 3469 143 3543 ibi
162 3469 334 3555 facerent,
353 3462 415 3537 ubi
426 3461 541 3548 primo
557 3461 589 3532 ei
604 3460 682 3532 uisa
691 3457 860 3546 obvianti,
874 3464 912 3530 et
926 3467 1098 3545 nupserat

89 3593 169 3655 quae
184 3566 392 3639 memoriam
428 3568 614 3635 tantarum
647 3557 854 3644 nuptiarum
892 3555 1097 3632 inventura

89 3674 254 3753 tempora
271 3666 463 3752 praeberet:
497 3667 534 3732 et
550 3658 600 3730 sie
615 3657 711 3730 faeta
724 3656 775 3729 ibi
799 3655 870 3728 fuit
898 3657 995 3748 urbs,
1009 3682 1097 3744 ·quae

1 3829 2 3846 ,
91 3764 134 3838 de
146 3762 288 3838 nomine
300 3764 378 3851 ejus
394 3758 579 3846 anrglou
594 3757 632 3829 id
647 3763 704 3828 est
718 3755 999 3829 Claudioeestria
1009 3783 1100 3830 uun-

1 3933 2 3962 *
92 3871 224 3950 eupata
237 3886 349 3949 usque
368 3861 406 3933 in
425 3858 635 3932 hodiernum
651 3855 755 3943 diem,
776 3854 814 3927 in
829 3854 981 3928 confinio
997 3855 1102 3930 Cam·

1 3989 2 4032 3
92 3963 180 4035 briae
191 3968 229 4035 et
240 3959 398 4049 Loegriae
411 3981 517 4046 super
531 3955 647 4042 ripam
660 3953 818 4028 Sabrina
835 3953 906 4027 sita
925 3962 992 4044 est
1003 3956 1102 4044 (oon-

93 4061 199 4149 dique
208 4060 378 4135 historias
389 4067 426 4134 et
451 4080 587 4144 versus,
599 4061 636 4129 et
646 4061 811 4142 poemata
836 4053 1035 4145 Cambrem,
1058 4049 1101 4134 de

1 4173 2 4178 ’
903 4187 928 4238 u
949 4169 973 4239 2
