2862 4870
253 1345 537 1430 EPISTOLA
578 1349 995 1435 DEDIOATORIA.

132 2076 164 2188 ’ᾖ
214 2086 308 2186 &22⁸3
326 2122 353 2205 ’,Ἃ
428 2087 575 2154 Henrieo
591 2087 747 2154 Eoolesiae
763 2087 875 2154 Sancti
893 2087 1019 2175 Asaphi
1036 2088 1132 2176 Epis-

276 2182 295 2193 *
358 2186 392 2211 'sot

21 2291 25 2300 .
133 2204 169 2330 {tp
252 2193 308 2259 ἐξ
321 2202 389 2297 ⁹⁸⁸3?
428 2250 519 2318 oopo,
545 2227 693 2292 Salutem
719 2236 753 2293 et
782 2229 926 2294 debitam
955 2230 1131 2295 adomnia

21 2331 22 2342 ³
143 2316 157 2418 i
172 2328 384 2462 &ist-&1
427 2361 681 2432 obedientiami,
713 2362 826 2428 Saneti
860 2361 986 2448 Asaphi
1021 2374 1135 2430 saneta

124 2503 266 2579 eeclesia,
294 2523 389 2586 quam
408 2500 507 2564 hodie
527 2507 639 2564 saneta
665 2496 854 2563 Paternitas
873 2506 933 2563 tua
951 2499 1135 2566 felicissime

21 2614 23 2642 ³
124 2637 298 2721 gubernat,
330 2659 370 2702 eo
391 2637 453 2702 sibi
473 2635 631 2721 suffragia
650 2641 765 2698 nostra
779 2634 856 2718 jure
882 2635 1134 2723 vindicatque

124 2770 157 2832 in
182 2769 360 2837 Britannia
388 2772 478 2836 nulla
498 2770 570 2835 fere
599 2769 763 2853 antiquior
785 2769 828 2834 ad
850 2777 965 2835 nostra
985 2779 1135 2860 tempora

124 2907 291 2988 pervenit:
313 2907 361 2971 ita
379 2914 550 2971 utcontra
568 2906 652 2982 illos,
678 2905 737 2990 qui
760 2925 781 2968 a
802 2903 924 2970 Sancto
944 2905 1134 2995 Augustino

126 3043 285 3129 originem
309 3065 402 3109 suam
427 3044 596 3108 trahentes
623 3041 792 3106 eeclesiam
820 3049 912 3106 tuam
943 3044 1134 3110 subvertere

126 3180 245 3258 volunt,
268 3182 341 3266 ipsa
361 3181 402 3246 de
423 3201 458 3246 se
480 3179 642 3246 veraciter
665 3179 844 3263 pradieare
867 3180 990 3263 possit:
1015 3179 1135 3247 “Ante

52 3407 59 3420 .
128 3335 222 3397 quam
253 3315 397 3384 Sanetus
426 3280 635 3403 Augustinus
664 3315 769 3391 fieret,
801 3335 862 3401 ego
892 3313 1015 3379 sumi”
1068 3314 1136 3380 Sed

127 3471 189 3514 non
214 3474 269 3518 me
296 3452 468 3518 defensore
495 3452 635 3517 Sanetus
659 3450 814 3535 Asaphus
836 3451 981 3537 indiget:
1007 3473 1080 3516 nam
1108 3453 1136 3517 si

21 3631 22 3634 ,
127 3587 204 3650 nulii
241 3588 409 3653 hominum
444 3609 531 3652 curae
565 3595 653 3653 esset
688 3587 760 3671 ejus
793 3608 925 3652 oausam
947 3596 1133 3674 protegere,

128 3719 220 3785 Deus
247 3729 337 3786 oerte
357 3723 526 3787 ecelesiam
552 3743 642 3788 suam
668 3723 703 3786 in
728 3722 792 3786 illis
812 3723 963 3806 partibus
989 3724 1136 3789 mutilam

129 3865 161 3922 et
184 3881 334 3924 maneam
367 3859 439 3923 fieri
473 3859 563 3924 nullo
586 3859 683 3922 modo
711 3859 843 3924 sineret.
888 3857 937 3922 At
961 3880 1048 3924 nuno
1071 3880 1137 3924 non

131 3995 168 4060 de
195 3996 248 4060 his
279 3997 400 4082 agitur,
440 3995 498 4059 sed
535 3995 576 4059 de
615 3993 779 4078 Episcopo
812 3992 884 4076 jam
921 3992 1137 4079 septingentis

131 4135 220 4199 annis
250 4135 416 4209 defuneto,
456 4152 553 4216 quem
583 4131 669 4194 inter
706 4136 851 4193 rectores
889 4149 966 4193 suos
1004 4128 1138 4192 ecelesia
