2872 4876
312 401 356 471 50
639 412 790 468 ronurm
822 411 1002 464 vmcrvnn

315 593 444 658 magara
457 575 559 655 parte
575 566 720 642 navium
736 567 928 639 submersa
945 572 1049 642 snuts
1074 563 1194 636 sedin
1204 571 1315 636 morte
1429 639 1430 656 ἶ

315 671 439 742 beatas
452 669 834 754 sedicerepotuerunt,
849 665 1312 752 quoniamqnaeevasenmt,
1428 691 1430 758 ,

315 765 864 854 veniuntadbarbarasinsrdus,
878 773 916 838 et
926 765 1055 839 abillis
1066 764 1315 838 veltrueidatae
1428 803 1430 870 q

315 867 372 942 vel
395 867 624 954 mancipatae3
647 866 845 938 inciderant
869 866 1042 953 siqnidem
1067 864 1105 938 in
1127 863 1315 937 nefandum
1428 873 1431 952 ξ

315 966 513 1040 exercitum
543 965 677 1040 Gnanii
706 973 745 1039 et
774 964 914 1054 Melgae,
936 966 999 1052 qni
1019 968 1126 1053 jussu
1153 961 1320 1038 Gratiani

316 1065 479 1139 nationes
493 1065 757 1138 maritimcrmn
772 1063 974 1139 Germania
989 1065 1068 1137 dira
1081 1064 1182 1137 clade
1204 1062 1319 1150 oppri-
1430 1135 1431 1158 ξ

316 1167 472 1239 mebant
495 1164 587 1238 Erat
597 1165 692 1238 enim
704 1163 868 1240 Gnanius
877 1189 942 1238 rex
953 1163 1182 1251 Hunnorum,
1192 1161 1318 1250 Melga

316 1287 401 1337 vero
416 1263 620 1338 Pictcmm:
643 1263 825 1351 ipsossibi
839 1264 1016 1337 asciverat
1027 1263 1235 1350 Gratianus,
1255 1261 1322 1333 mi-

317 1369 484 1449 seratque
498 1362 536 1435 in
557 1363 798 1450 Germaniam,
820 1369 864 1435 ut
886 1386 946 1435 eos
969 1361 1031 1448 qni
1046 1359 1208 1434 Maximo
1226 1361 1321 1434 fave·

317 1469 410 1549 rent,
432 1461 684 1548 inquietarent.
730 1461 802 1535 Per
813 1461 996 1534 maritima
1010 1461 1124 1548 igitur
1133 1460 1324 1534 soevientes

317 1560 509 1634 obvianmt
522 1561 706 1648 praedictis
714 1561 844 1649 puellis
858 1561 896 1634 in
914 1567 1036 1647 partes
1052 1560 1135 1633 illas
1151 1559 1324 1646 appulsis:

317 1659 554 1747 Inspicientos
570 1668 692 1735 autern
706 1685 829 1735 earum
844 1659 1135 1748 pulcritudinem,
1156 1659 1324 1733 lascivire

318 1783 399 1832 cum
409 1760 455 1834 iis
464 1761 674 1834 voluenmt:
690 1784 773 1833 curn
784 1765 976 1847 negassent
983 1757 1122 1846 puellae,
1138 1758 1325 1832 irruerunt

318 1857 520 1932 Ambrones
535 1860 573 1932 in
589 1883 660 1948 eas,
675 1857 939 1945 maximamque
953 1864 1093 1945 partem
1104 1857 1179 1932 sine
1187 1858 1326 1944 pietate

317 1957 554 2031 trucidarunt.
601 1957 702 2031 Tune
727 1957 872 2031 nefandi
894 1956 1091 2046 Pictorum,
1114 1964 1152 2031 ot
1171 1957 1328 2032 Hunno·

317 2079 399 2128 rum
428 2056 546 2144 duces,
577 2056 748 2132 Guanius.
770 2063 813 2130 et
838 2055 969 2145 Malga,
992 2081 1074 2130 cnm
1104 2059 1326 2147 accepissent

316 2154 473 2230 insulam
496 2156 695 2231 Britannia
713 2155 811 2230 omni
832 2163 972 2229 armato
993 2157 1108 2231 milite
1123 2168 1324 2248 vacuatam,

317 2254 357 2328 in
388 2255 489 2330 illem
517 2253 727 2342 accelerant,
753 2254 1009 2342 associatisqne
1033 2256 1246 2333 lateralibus
1271 2261 1327 2332 in·
1353 2286 1357 2292 ·

318 2352 420 2441 solis,
455 2352 495 2428 in
531 2352 733 2427 Albaniam:
767 2353 958 2442 applicant,
1000 2379 1148 2444 rognum
1188 2358 1326 2434 inerme

317 2451 503 2540 invadunt,
538 2451 723 2541 (quoniam
757 2451 941 2527 Maximus
976 2479 1097 2530 omnes
1129 2456 1192 2543 qui
1225 2483 1327 2532 arma

318 2551 411 2626 ferre
425 2558 581 2639 possent,
604 2551 820 2640 abduxerat)
843 2552 1019 2640 diripiunt
1039 2556 1166 2630 omnia
1223 2557 1328 2646 Quod

319 2650 467 2724 audiens
504 2649 688 2724 Maximus
726 2649 942 2726 Gratianum
984 2653 1204 2743 Municipem
1245 2682 1327 2731 cum

318 2749 457 2823 dnobus
481 2749 680 2839 legionibus
706 2750 840 2824 anxilio
869 2752 970 2826 misit
977 2779 988 2842 ;
1015 2779 1038 2827 a
1067 2778 1137 2841 quo
1159 2778 1262 2844 reges
1289 2757 1327 2829 in

320 2847 535 2923 Hiberniam
560 2849 804 2938 profligantur.
849 2851 1000 2927 Interea
1020 2854 1230 2928 interfectus
1255 2854 1329 2928 fuit

322 2945 506 3021 Maximus
528 2947 567 3021 in
591 2948 760 3036 Aquileia
781 2952 827 3023 ab
851 2951 975 3026 amicis
993 2953 1170 3043 Gratiani,
1192 2961 1231 3028 et
1248 2954 1329 3028 Bri-

321 3052 424 3118 tones
448 3071 535 3133 quos
563 3071 681 3122 secum
707 3048 861 3124 duxerat
883 3050 1066 3127 interfecti
1091 3062 1129 3128 et
1150 3054 1329 3143 dissipati,

323 3143 387 3229 qui
400 3145 547 3220 evadere
562 3155 745 3234 poterunt:
768 3152 999 3226 veneruntad
1009 3154 1169 3229 concives
1189 3179 1275 3230 suos
1290 3154 1331 3229 in

325 3244 561 3335 Armoricam,
583 3248 750 3335 quaejam
763 3248 878 3325 altera
888 3251 1295 3331 Britanniovooabatur.
