2862 4870
380 479 535 524 msrcars
555 478 628 524 sss.
650 479 732 524 sarr.
754 479 817 524 nm.
838 480 868 523 v.
1084 462 1123 525 ’Π

120 625 256 694 Deiram
279 631 313 693 in
340 628 515 694 Albaniam
530 629 671 714 fugaret.
718 629 765 694 At
785 629 842 693 illa
856 629 938 694 duce
962 627 1123 715 Fulgenio

13 739 15 788 ἕ
118 727 204 789 omni
219 728 295 791 nisu
309 727 497 802 resistebat,
521 727 701 810 saepiusque
724 735 869 812 stragem
890 726 1066 793 maximam
1090 737 1124 794 et

13 875 15 904 ,
117 824 302 891 concivibus
329 833 363 888 et
387 823 543 889 Romanis
567 824 741 889 inferebat.
788 824 998 889 Gonduoobat
1013 834 1124 890 autem

13 909 15 956 l
116 920 150 984 in
163 924 324 988 auxilium
339 923 402 988 sibi
415 943 626 1008 quoscunque
647 924 814 987 insulrmos
828 924 966 1008 populos
980 923 1124 991 invenie-

13 1013 15 1024 ’
118 1021 190 1085 bat:
214 1030 249 1086 et
265 1022 311 1086 sic
324 1022 516 1087 multotiens
530 1043 605 1086 cum
619 1021 758 1086 victoria
774 1021 914 1086 redibat.
961 1020 1123 1107 Irruptio-

13 1171 15 1214 ξ
117 1137 190 1181 nem
201 1140 282 1205 ergo
297 1120 370 1202 ejus
384 1121 531 1206 graviter
544 1119 655 1184 ferens
669 1119 858 1202 imperator,
869 1118 971 1203 jussit
980 1121 1124 1186 construi

13 1219 15 1284 l
118 1217 234 1280 vallum
250 1218 338 1282 inter
355 1217 493 1282 Deiram
504 1225 538 1282 at
552 1216 737 1293 Albaniam,
746 1226 786 1282 ut
796 1217 956 1302 impetum
967 1217 1039 1300 ejus
1048 1240 1124 1303 pro-

13 1317 15 1388 ζ
118 1315 189 1398 pius
203 1318 361 1381 accedere
374 1317 573 1401 prohiberet.
629 1316 876 1382 Communicato
890 1337 971 1402 ergo
991 1327 1125 1403 sumptu

13 1429 14 1434 ’
118 1413 267 1479 fecerunt
281 1415 363 1478 illud
378 1416 495 1479 amari
509 1435 614 1498 usqne
628 1415 671 1479 ad
684 1435 795 1480 mare:
818 1416 908 1499 quod
921 1415 1124 1480 multotem-

13 1503 14 1532 ³
111 1533 194 1596 -pore
202 1522 279 1596 post
288 1513 433 1577 bostium
442 1533 591 1578 accessus
603 1513 754 1577 detinuit.
793 1512 841 1576 At
857 1511 1122 1598 Fulgeniuscum

118 1611 238 1676 diutius
249 1613 407 1676 resistere
419 1611 632 1696 nequivisset,
647 1611 877 1676 transfretavit
893 1611 928 1674 in
944 1611 1122 1696 Scythiam,

13 1735 15 1798 g
119 1717 154 1772 ut
169 1709 343 1773 Pictorum
365 1709 487 1774 auxilio
508 1709 661 1794 dignitati
684 1709 925 1773 restitueretur.
973 1708 1124 1793 Cumque

13 1803 15 1846 l
119 1807 162 1870 ibi
183 1829 313 1872 omnem
332 1807 537 1890 juventutem
551 1807 666 1890 patriae
689 1807 883 1892 collegisset,
904 1825 1058 1871 reversus
1073 1816 1124 1872 est

13 1983 14 1992 ἶ
119 1925 188 1968 cum
211 1906 355 1969 maximo
370 1905 500 1990 navigio
526 1905 560 1968 in
584 1903 802 1980 Britanniam,
823 1913 923 1988 atque
939 1903 1125 1969 Eboracum

13 2037 14 2044 κ
119 2001 255 2068 obsedit.
304 2002 404 2082 Quod
425 2025 500 2068 cum
522 2023 582 2088 per
601 2011 726 2066 ceteras
748 2002 898 2067 nationes
920 2002 1125 2088 divulgatum

13 2135 14 2142 κ
118 2099 245 2174 fuisset,
254 2101 399 2166 maxima
412 2123 489 2185 pars
505 2101 681 2164 Britonum
697 2100 856 2164 Severum
872 2100 1027 2176 deserant,
1040 2102 1125 2166 etad

122 2197 317 2285 Fulgenium
331 2200 401 2265 ivit.
447 2199 520 2264 Nec
538 2200 582 2263 ob
604 2197 640 2262 id
662 2199 704 2262 ab
727 2199 876 2282 incoeptis
902 2199 971 2262 suis
997 2199 1125 2263 destitit

13 2321 15 2372 ξ
123 2295 272 2362 Severus.
321 2297 389 2362 Sed
404 2296 589 2361 convocatis
599 2295 769 2372 Romanis,
780 2297 964 2379 ceterisque
980 2295 1125 2361 Britoni-

13 2383 14 2424 ³
121 2395 179 2459 bus
205 2397 264 2480 qui
288 2395 352 2480 ipsi
377 2395 596 2470 adheserunt,
620 2394 822 2459 obsidionem
847 2395 974 2478 petivit,
995 2403 1030 2460 et
1051 2415 1125 2459 cum

13 2517 14 2564 i
123 2491 280 2579 Fulgenio
303 2491 478 2557 dimicavit.
527 2491 594 2556 Sed
616 2513 690 2556 cum
712 2512 856 2576 pugnam
882 2492 991 2557 acrius
1017 2493 1125 2558 eonfe-

13 2635 15 2666 ,
122 2591 225 2668 sisset,
250 2591 446 2656 interfectus
468 2599 519 2654 est
536 2590 679 2654 Severus
703 2611 778 2653 cum
797 2590 910 2654 multis
926 2611 1070 2667 suorum,
1093 2599 1127 2655 et

13 2731 14 2734 κ
123 2687 300 2776 Fulgenius
337 2690 480 2754 letaliter
517 2689 708 2753 vulneratus
745 2696 806 2753 est.
858 2687 947 2751 Exin
985 2686 1126 2754 Eboraci

13 2837 14 2864 ,
121 2789 267 2870 sepultus
283 2795 356 2852 est:
380 2807 476 2871 quam
499 2786 616 2850 urbem
641 2785 786 2870 legiones
805 2786 877 2869 ejus
900 2786 1124 2854 obtinuerunt.

13 2907 15 2955 l
123 2882 270 2970 Reliquit
283 2887 354 2970 ipse
367 2886 448 2949 duos
457 2884 551 2960 filice,
564 2883 761 2948 Bassianum
772 2892 807 2948 et
823 2883 962 2949 Getam:
986 2906 1126 2969 quorum

13 2973 15 2990 '
123 2981 208 3048 Geta
238 2983 389 3048 Romana
417 2991 523 3047 matre
552 2983 683 3068 genitus
721 2991 802 3059 erat,
839 2982 1018 3048 Bassianus
1047 3005 1126 3049 vero

124 3079 322 3146 Britannica.
380 3079 548 3146 Defuncto
584 3080 687 3165 igitur
729 3089 824 3164 patre
869 3083 1126 3148 sublimaverunt

13 3203 14 3248 ξ
125 3177 264 3244 Romani
282 3179 402 3244 Getam
412 3180 447 3242 in
457 3200 588 3264 regem:
611 3179 759 3244 faventes
773 3181 831 3256 illi,
848 3181 924 3264 quia
934 3202 975 3246 ex
984 3191 1126 3266 utraque

124 3286 214 3360 parte
244 3277 417 3342 Romanus
447 3277 568 3342 fuerat.
615 3275 715 3355 Quod
744 3278 943 3363 abnegantes
969 3278 1125 3344 Britones

126 3373 319 3441 Bassianum
334 3375 524 3460 elegerunt:
548 3375 625 3457 quia
645 3397 685 3440 ex
704 3384 854 3440 materno
870 3377 1027 3462 sanguine
1047 3378 1125 3461 ipsis

125 3475 315 3557 conjunctus
335 3473 454 3538 fuerat.
502 3472 646 3536 Proinde
661 3475 893 3539 commiserunt
908 3475 1029 3539 fratres
1043 3495 1125 3559 pug-

126 3591 207 3637 nam.
255 3571 354 3635 Unde
379 3571 467 3636 Geta
490 3571 695 3647 interdicitur,
725 3571 904 3643 Bassianus
925 3595 1004 3638 vero
1023 3595 1126 3658 regno

13 3679 15 3740 i
126 3671 257 3750 potitur.
