2848 4888
408 483 563 528 mercam
584 485 658 530 nno.
679 485 762 530 sarr.
783 485 845 531 ans.
857 489 887 532 x.
1086 473 1145 533 185

140 731 177 789 ut
193 736 411 810 suggererent
431 728 461 791 ei
477 736 638 812 quatenus
658 730 826 794 recederet
846 730 997 796 efinibus
1020 729 1146 808 Gallia,

139 824 247 887 autin
262 833 396 908 postero
412 825 464 891 die
484 828 526 892 ad
545 828 777 913 experiendum
792 830 928 906 veniret,
944 838 1019 895 uter
1034 852 1148 895 eorum

140 921 247 1005 majus
269 923 328 1006 jus
343 923 378 986 in
403 922 545 988 Galliam
569 927 714 991 haberet.
763 927 925 993 Juventus
949 950 1028 1015 ergo
1051 930 1148 994 curiae

140 1019 283 1083 maximo
294 1021 416 1106 gaudio
428 1023 600 1099 fluctuans,
608 1024 703 1108 caepit
712 1024 916 1090 instimulare
925 1026 1145 1111 Walganium,

140 1123 177 1178 ut
200 1116 291 1182 intra
311 1127 421 1184 castra
444 1121 651 1206 imperatoris
677 1122 845 1206 inciperet,
856 1127 927 1208 'quo
950 1125 1147 1189 occasionem

139 1215 301 1280 haberent
330 1219 562 1304 congrediendi
588 1241 662 1284 cum
693 1219 863 1286 Romanis.
924 1221 1149 1286 Perrexerunt

117 1332 120 1337 “
139 1311 188 1377 illi
202 1315 247 1378 ad
258 1315 411 1394 Lucium,
421 1326 457 1382 et
466 1326 692 1403 praeceperunt
702 1319 749 1382 illi
763 1319 903 1384 aGallia
913 1321 1076 1397 recedere,
1089 1330 1148 1385 aut

139 1411 174 1474 in
188 1422 323 1496 postero
339 1416 391 1480 die
406 1417 448 1480 ad
463 1417 675 1502 pugnandum
688 1417 812 1482 venire.
859 1418 906 1483 At
922 1419 999 1482 dum
1014 1440 1148 1504 respon-

142 1511 236 1576 deret
251 1513 309 1589 eiS,
327 1514 415 1597 quod
429 1536 495 1578 non
511 1516 644 1580 deberet
656 1515 831 1580 recedere:
854 1517 954 1580 immo
968 1518 1011 1581 ad
1032 1539 1148 1603 regen-

141 1608 217 1672 dum
229 1609 319 1675 illam
334 1614 509 1679 accedere:
532 1614 684 1678 interfuit
708 1613 808 1678 Caius
825 1614 1049 1694 Quintilianus
1061 1617 1148 1700 ejus-

142 1709 215 1773 dem
227 1733 341 1795 nepos,
355 1713 412 1795 qui
428 1713 567 1788 dicebat,
585 1712 739 1776 Britones
756 1714 860 1798 magis
872 1715 1033 1798 jactantia
1048 1723 1149 1801 atque
1201 1737 1205 1748 ¹

139 1809 236 1873 minis
248 1810 426 1888 abundare,
440 1833 538 1896 quam
553 1811 689 1876 audacia
704 1820 737 1875 et
748 1813 911 1895 probitate
922 1814 1042 1880 valere.
1078 1814 1148 1879 Ira-

139 1914 193 1972 tus
220 1909 307 1973 illico
330 1909 522 1993 Walganius
547 1911 660 1974 stricto
681 1931 769 1986 ense,
793 1933 858 1995 quo
882 1911 1044 1977 accinctus
1065 1923 1146 1990 erat,

107 2085 109 2090 Ι
139 2007 237 2072 irruit
259 2008 295 2070 in
317 2028 403 2084 eum,
419 2016 454 2072 et
479 2008 625 2091 ejusdem
649 2009 754 2092 capite
773 2018 951 2093 amputato,
978 2011 1021 2075 ad
1047 2033 1148 2095 equos

140 2129 215 2172 cum
240 2106 336 2170 sociis
361 2107 555 2192 digreditur.
617 2107 841 2192 Insequuntur
864 2107 1006 2172 Romani
1028 2111 1149 2193 partim

139 2206 234 2290 pede,
251 2205 372 2289 partim
387 2205 490 2289 equis,
506 2214 545 2270 ut
567 2207 731 2270 concivem
747 2229 842 2270 suum
864 2207 898 2269 in
919 2207 1045 2292 legatos
1061 2210 1148 2273 omni

139 2305 215 2368 nisu
225 2303 433 2388 diffugientes
442 2304 654 2369 vindicarent.
687 2303 735 2368 At
746 2305 912 2368 Guerinus
924 2304 1146 2384 CarnotensiS,

139 2402 219 2466 dum
235 2402 369 2485 quidam
381 2424 493 2467 eorum
505 2404 612 2487 ipsum
627 2405 789 2489 attingere
800 2404 968 2487 inciperet,
979 2425 1019 2468 ex
1028 2405 1148 2489 impro-

141 2501 210 2564 viso
226 2521 379 2565 reversus
401 2501 521 2565 direxit
543 2503 686 2566 lanceam
711 2523 814 2578 suam,
837 2511 937 2587 atque
958 2503 1065 2587 ipsum
1089 2523 1148 2586 per

140 2621 235 2664 arma
249 2608 284 2664 et
297 2621 356 2689 per
371 2601 515 2664 medium
524 2623 642 2685 corpus
657 2603 860 2686 perforatum
874 2602 975 2678 humi,
988 2608 1148 2686 quantum

142 2699 262 2783 potuit,
286 2699 475 2782 prostravit.
522 2698 644 2764 Invidit
670 2721 749 2786 ergo
780 2699 868 2764 Boso
899 2699 1147 2777 Devadoboum,

143 2798 299 2881 quoniam
320 2805 447 2862 tantam
467 2798 666 2881 probitatem
689 2798 821 2863 fecisset
852 2798 1085 2864 Oarnotensis:
1115 2809 1149 2865 et

121 2903 339 2986 'retorquens
364 2916 485 2979 equum
512 2917 618 2972 suum,
635 2896 688 2959 cui
703 2896 808 2980 primo
835 2897 987 2973 obviavit,
1011 2897 1150 2983 ingessit

139 2993 187 3057 illi
202 2993 349 3057 lanceam
364 2993 398 3056 in
420 2995 593 3078 tragulam,
609 3002 643 3058 et
664 2994 805 3059 letaliter
820 2995 1027 3060 vulneratum
1043 2997 1150 3082 coegit

140 3092 302 3156 caballum
327 3092 487 3168 deserere,
518 3114 583 3177 quo
613 3114 688 3157 eum
716 3093 959 3177 insequebatur.
1017 3095 1150 3160 Interea

142 3190 325 3256 Marcellus
342 3189 474 3254 Mutius
488 3191 631 3255 maximo
646 3191 765 3255 affectu
779 3193 891 3257 volens
909 3193 1149 3272 Quintilianum

141 3290 321 3365 vindicare,
353 3288 527 3374 Walganio
553 3290 624 3373 jam
653 3290 841 3355 imminebat
870 3314 890 3354 a
917 3301 1022 3378 tergo,
1050 3303 1149 3378 atque

142 3396 286 3474 coeperat
300 3387 443 3451 retinere
457 3386 476 3452 :⁴
489 3408 562 3450 cum
581 3387 651 3471 ipse
675 3409 827 3453 reversus
847 3392 1001 3454 continuo
1023 3393 1149 3476 galeam

143 3509 218 3552 cum
233 3486 305 3571 ipso
328 3487 434 3570 capite
456 3507 560 3569 usque
586 3486 629 3549 ad
643 3496 757 3571 pectus
780 3488 888 3572 gladio
905 3509 1001 3571 quem
1015 3490 1149 3553 tenebat

145 3585 295 3650 abscidit.
343 3583 505 3668 Praecepit
526 3585 624 3649 etiam
652 3585 682 3649 ei
708 3585 912 3670 Walganius,
940 3607 1037 3668 quem
1062 3588 1150 3651 intra

143 3693 253 3750 castra
268 3684 500 3759 trucidaverat,
516 3684 551 3747 in
580 3682 746 3747 infernum
770 3685 973 3762 renunciare,
994 3685 1148 3752 Britones

1 3853 2 3876 χ
117 3800 121 3803 ·
143 3783 241 3847 minis
258 3790 292 3846 et
302 3783 463 3866 jactantia
476 3782 538 3846 hoc
559 3782 657 3846 modo
681 3782 857 3846 abundare.
905 3782 1009 3848 Sociis
1032 3787 1150 3852 deinde

143 3881 324 3957 resociatis,
355 3882 507 3945 hortatur
533 3888 572 3945 ut
596 3880 668 3965 pari
697 3881 822 3964 impetu
851 3883 984 3958 reversi,
1011 3885 1152 3969 quisque

144 4000 241 4042 suum
270 3987 480 4063 prosternere
505 3980 679 4043 laboraret.
726 3978 979 4064 Aequiescentes
1007 4003 1086 4068 ergo
1109 3986 1149 4061 ei,

143 4085 356 4142 revertuntur
372 4086 406 4142 et
428 4079 566 4162 quisque
587 4100 690 4141 unum
712 4079 900 4162 prosternit.
945 4081 993 4144 At
1009 4081 1150 4150 Romani

145 4199 250 4263 usque
266 4178 485 4263 insequentes,
509 4178 704 4262 quandoque
726 4178 857 4255 lanceis,
875 4181 1067 4266 quandoque
1082 4183 1150 4267 gla-
