2848 4888
397 498 553 542 merome
568 499 641 544 aue.
656 501 739 544 uam.
754 500 816 544 mn.
838 501 869 544 x.
1093 483 1151 546 187

144 648 182 704 ut
196 640 224 704 si
236 641 373 706 fortuna
387 642 517 719 faverit,
535 643 703 709 Petreium
718 643 950 710 interficiamus
963 644 1031 709 sive
1046 645 1152 728 capia-

144 745 251 805 mus.''
315 741 550 808 Subduxerunt
578 745 691 829 itaque
720 746 858 810 calcaria
886 745 979 829 equis
1010 746 1088 822 suiS,
1120 755 1154 811 et

145 860 265 903 euneos
281 841 425 903 hostium
451 843 523 926 pari
543 843 667 928 impetu
693 853 879 928 penetrans,
896 845 937 908 ad
956 845 1064 908 locum
1086 865 1152 928 quo

145 937 300 1002 Petreius
316 939 421 1003 socios
442 962 518 1005 suos
534 943 768 1018 commonebat,
786 951 955 1008 venerunt.
1000 942 1153 1026 laquem

144 1057 242 1122 ocyus
258 1037 349 1100 Boso
363 1038 502 1115 irruens,
518 1040 656 1104 eundem
671 1061 730 1124 per
752 1041 870 1104 collum
884 1041 1103 1125 amplectitur,
1119 1049 1154 1106 et

145 1134 230 1198 sicut
243 1136 492 1218 praemeditatus
507 1138 626 1215 fuerat,
644 1160 718 1202 cum
743 1138 799 1202 illo
824 1138 859 1201 in
878 1146 1002 1203 terram
1016 1141 1152 1206 corruit.

146 1231 361 1298 Concurrunt
380 1257 458 1321 ergo
483 1236 635 1313 Romani,
656 1245 695 1301 ut
720 1259 795 1300 eum
821 1237 970 1303 hostibus
994 1237 1153 1324 eripiant:

144 1340 385 1397 concurrerunt
410 1343 521 1399 autem
544 1335 709 1413 Britones‚
737 1343 775 1400 ut
802 1335 926 1400 Bosoni
940 1336 1151 1404 auxilientur.

145 1429 200 1495 Fit
220 1432 335 1517 itaque
360 1434 526 1498 intereos
551 1435 694 1499 maxima
723 1435 848 1500 caedes:
875 1435 915 1499 fit
939 1436 1082 1500 clamor:
1114 1436 1154 1501 fit

144 1530 312 1595 turbatio:
337 1531 414 1594 dum
428 1532 462 1594 hi
472 1533 587 1597 ducem
599 1555 695 1597 suum
705 1533 856 1610 liberare,
867 1533 914 1598 illi
924 1555 998 1598 eum
1009 1533 1154 1598 retinere

146 1635 319 1704 conantur,
365 1628 509 1694 Invicem
518 1652 597 1717 ergo
608 1633 824 1698 vulnerabant
836 1641 869 1697 et
877 1633 1154 1697 vulnerabantur:

145 1728 400 1812 prosternebant
426 1737 460 1792 et
484 1733 789 1814 prosternebantur.
837 1732 909 1797 Illic
923 1733 1035 1816 itaque
1049 1731 1154 1796 videri

145 1834 279 1910 poterat
295 1827 368 1911 quis
394 1828 500 1905 hasta,
526 1830 600 1913 quis
626 1831 745 1916 gladio,
762 1832 836 1916 quis
861 1833 928 1896 telo
950 1831 1152 1916 praevaleret.

146 1925 302 2010 Denique
318 1924 472 1990 Britones
489 1927 625 1992 densata
636 1937 767 1994 caterva
781 1931 971 2007 incidentes,
982 1931 1154 2014 impetum-

147 2047 212 2109 que
228 2023 457 2089 Romanorum
471 2027 625 2103 ferentes,
642 2050 713 2092 sese
728 2029 817 2092 intra
831 2029 1057 2094 fortitudinem
1072 2049 1154 2112 prte-

145 2123 181 2187 lii
197 2123 251 2186 sui
266 2144 341 2186 cum
356 2123 490 2188 Petreio
505 2126 677 2210 recipiunt.
734 2126 801 2191 Sed
812 2128 984 2192 confestim
998 2128 1155 2212 impetum

146 2222 301 2286 fecerunt
312 2221 346 2284 in
358 2223 440 2299 illos,
453 2223 523 2307 jam
537 2232 665 2288 rectore
675 2246 735 2288 suo
748 2225 890 2302 orbatos,
903 2226 974 2309 jam
988 2227 1023 2288 in
1037 2225 1155 2308 majori

146 2329 244 2405 parte
259 2320 454 2399 debilitatos
466 2323 538 2406 jam
547 2323 645 2386 etiam
656 2324 808 2407 dilapsos,
818 2332 918 2408 atque
927 2332 1022 2410 terga
1033 2325 1156 2388 eisdem

148 2421 372 2489 ostendentes.
409 2421 638 2488 Incumbentes
653 2423 766 2507 igitur,
777 2424 997 2510 ipsosatergo
1007 2425 1155 2489 caedunt:

148 2541 250 2586 caesos
280 2528 512 2603 prosternunt:
541 2529 724 2604 prostratos
748 2522 942 2606 dispoliant:
967 2523 1156 2606 dispoliatos

146 2627 358 2703 praetereunt,
389 2627 427 2682 ut
459 2628 584 2683 ceteros
613 2620 840 2703 insequantur.
888 2620 955 2684 Sed
983 2628 1017 2684 et
1045 2621 1155 2704 plures

147 2719 291 2802 capiunt,
322 2738 404 2800 quos
434 2717 506 2802 regi
534 2725 733 2802 prasentare
758 2719 922 2783 affectant.
983 2717 1157 2783 Postremo

147 2825 324 2903 postquam
347 2817 425 2881 satis
440 2818 574 2902 periculi
595 2819 675 2903 ipsis
694 2818 912 2902 ingesserunt,
927 2826 1157 2882 remeaverunt

149 2940 225 2982 eum
242 2917 353 3000 spoliis
370 2924 403 2980 et
418 2917 554 3001 captivis
570 2917 612 2981 ad
623 2924 740 2994 castra,
752 2925 785 2981 et
797 2917 977 2981 indicantes
993 2917 1082 3000 quod
1097 2917 1158 2982 sibi

149 3015 344 3100 contigerat,
357 3013 526 3078 Petreium
538 3014 680 3091 Cottam,
692 3023 725 3078 et
735 3023 859 3080 ceteros
872 3015 1015 3098 captivos
1030 3013 1157 3081 Arturo

150 3135 226 3180 cum
240 3113 386 3178 victoriae
409 3113 524 3177 laetitia
548 3113 748 3178 obtulerunt.
796 3112 926 3192 Quibus
948 3113 1002 3178 ille
1021 3136 1157 3201 congra-

148 3216 270 3289 tulans,
299 3221 333 3276 et
354 3213 505 3288 honores,
532 3220 565 3276 et
596 3213 758 3276 honorum
781 3213 1061 3297 augmentationes
1083 3237 1158 3299 pro-

149 3313 261 3378 misit:
286 3311 437 3396 quoniam
452 3332 490 3374 eo
506 3311 641 3375 absente
660 3318 786 3374 tantam
801 3311 996 3396 probitatem
1012 3321 1157 3398 egerant.

153 3411 309 3496 Captivos
321 3418 432 3474 autem
446 3409 481 3472 in
496 3431 659 3474 carcerem
672 3411 808 3475 trudere
822 3411 944 3486 velena,
957 3411 999 3473 ad
1014 3431 1050 3474 se
1063 3431 1158 3475 voca-

150 3510 197 3574 vit
213 3509 373 3594 quosdam
389 3508 446 3594 qui
462 3529 517 3573 cos
532 3509 567 3572 in
589 3509 768 3574 crastinum
781 3508 927 3572 Parisios
943 3508 1109 3584 ducerent,
1125 3516 1159 3574 et

152 3608 341 3672 custodibus
351 3607 829 3691 oppidiservandostraderent,
838 3607 940 3670 donec
949 3607 1059 3670 exillis
1070 3607 1159 3671 aliud

151 3706 452 3791 fieriprseoepisset.
500 3705 714 3770 Jussitetiam
726 3704 1159 3780 Cadoremducem,Bedue-

152 3827 292 3889 rumque
307 3806 506 3889 pincernam,
523 3826 663 3868 necnon
678 3813 712 3868 et
727 3806 809 3869 duos
824 3804 973 3868 consules
990 3803 1158 3868 Borcllum

153 3912 186 3969 et
207 3900 399 3968 Richerium
415 3924 489 3966 cum
503 3902 632 3967 famulis
648 3903 715 3968 suis
740 3903 829 3987 ipsos
851 3903 1040 3978 conducere,
1057 3902 1159 3968 donec

153 4005 303 4068 venirent
328 4024 376 4079 eo,
394 4021 459 4086 quo
482 4001 615 4068 minime
636 4001 908 4068 disturbationem
934 4001 1159 4068 Romanorum

154 4102 352 4168 timuissent.
