2848 4888
383 481 721 532 marmannorum.
737 483 799 531 nm.
820 487 876 532 vn.
1081 466 1141 532 129

128 628 211 692 urbs
243 626 385 706 Claudii,
417 651 491 715 qua
525 631 690 696 alumnam
718 630 914 718 flagellantis
943 629 1139 715 interponet.

130 724 303 792 Stateram
332 748 473 812 namque
509 729 678 794 medicina
713 729 874 815 gestabit:
912 737 946 794 et
982 729 1016 792 in
1048 727 1140 793 brevi

127 825 345 890 renovabittu
373 826 490 892 insula.
536 826 668 892 Deinde
694 828 759 893 duo
785 827 1024 912 subsequentur
1051 847 1141 911 seep-

125 931 233 1000 trum,
264 924 384 1008 quibus
413 934 570 991 cornutus
600 927 698 992 draco
727 927 932 992 ministrabit.
978 925 1142 990 Adveniet

127 1023 220 1086 alter
233 1023 268 1086 in
281 1023 391 1088 ferror
414 1033 448 1089 et
467 1026 632 1090 volantem
653 1026 812 1111 equitabit
826 1034 1021 1110 serpentem.
1068 1021 1140 1088 Nu-

128 1121 213 1186 dato
245 1142 382 1206 corpore
416 1123 570 1188 insidebit
607 1124 723 1191 dorso:
761 1132 795 1188 et
831 1124 1000 1188 dexteram
1029 1122 1141 1187 cauda

129 1217 268 1302 injiciet.
316 1219 468 1285 Clamore
481 1221 583 1305 ipsius
604 1222 831 1286 excitabuntur
845 1219 970 1285 maria:
993 1229 1026 1286 et
1046 1220 1141 1284 timo-

130 1339 209 1382 rem
245 1319 386 1384 secundo
422 1319 554 1403 injiciet.
613 1320 785 1388 Secundus
817 1321 929 1404 itaque
966 1319 1141 1383 sociabitur

129 1415 241 1480 leoni:
275 1416 335 1480 sed
363 1425 478 1482 exorta
500 1417 559 1483 lite
588 1440 801 1504 congressum
829 1418 961 1482 facient.
1008 1416 1141 1482 Mutuis

131 1514 282 1579 cladibus
308 1516 519 1580 succumbent
538 1525 666 1592 mutuo,
687 1517 745 1582 sed
763 1516 879 1580 feritas
898 1515 1003 1580 beluae
1019 1535 1142 1599 prava·

1 1601 2 1604 ¹
130 1613 226 1678 lebit.
274 1612 491 1696 Superveniet
524 1615 653 1698 quidam
689 1616 723 1678 in
753 1624 908 1700 tympano
940 1621 974 1678 et
1005 1613 1140 1690 cithara,

133 1720 173 1776 et
206 1712 401 1777 demulcebit
425 1713 528 1777 leonis
555 1714 721 1778 saevitiam.
773 1711 1037 1778 Pacificabuntur
1063 1734 1142 1799 ergo

132 1810 286 1875 nationes
312 1811 414 1896 regni,
445 1819 479 1875 et
501 1813 628 1877 leonem
657 1813 700 1876 ad
726 1821 882 1877 stateram
908 1812 1142 1896 provocabunt.

134 1907 265 1973 Locata
280 1909 357 1974 sede
370 1910 412 1975 ad
422 1931 540 1995 pensas
551 1911 700 1976 vacabit:
724 1911 782 1976 sed
792 1912 916 1994 palmas
927 1908 1144 1974 inAlbaniam

134 2007 304 2072 extendet.
353 2007 588 2074 Tristabuntur
613 2031 692 2095 ergo
716 2007 934 2094 Aquilonares
958 2007 1143 2092 provincia,

135 2113 174 2169 et
189 2105 274 2169 ostia
288 2106 486 2190 templorum
500 2108 704 2172 reserabunt.
752 2106 896 2193 Signifer
911 2106 1008 2190 lupus
1023 2106 1145 2170 condu-

136 2211 192 2267 cet
220 2211 359 2280 turmas‚
391 2212 424 2269 et
458 2203 657 2270 Gornubiam
680 2206 785 2270 cauda
814 2226 873 2270 sua
902 2203 1146 2290 circumcinget:

135 2303 273 2368 resistet
287 2302 318 2366 ei
332 2303 425 2368 miles
439 2303 473 2367 in
488 2323 596 2381 corru,
612 2304 669 2389 qui
683 2303 840 2388 populum
862 2303 953 2368 illum
973 2303 1008 2366 in
1027 2324 1144 2386 aprum

136 2401 290 2465 mutabit.
352 2400 506 2466 Vastabit
542 2422 622 2487 ergo
659 2423 738 2487 aper
771 2402 973 2486 provincias:
1019 2401 1077 2466 sed
1112 2399 1146 2464 in

135 2499 305 2583 profundo
337 2499 484 2564 Sabrina
519 2501 693 2565 occultabit
730 2509 838 2585 caput.
894 2499 1145 2584 Amplexabitur

136 2599 236 2662 homo
251 2598 379 2661 leonem
393 2598 428 2660 in
443 2619 545 2664 auro:
569 2607 602 2663 et
616 2599 727 2685 fulgor
742 2600 814 2664 auri
823 2599 933 2664 conos
947 2599 1145 2663 intuentium

137 2695 324 2762 excaecabit.
372 2695 533 2762 Gaudebit
551 2707 725 2784 argentum
745 2698 946 2774 incircuitu,
968 2707 1002 2762 et
1018 2698 1147 2763 diversa

137 2794 315 2859 torcularia
334 2794 475 2860 vexabit.
522 2795 680 2881 Imposito
700 2797 776 2861 vino
795 2797 1044 2862 inebriabuntur
1059 2819 1146 2861 mor-

137 2895 242 2958 tales:
275 2902 309 2957 et
338 2894 519 2978 postposito
549 2896 628 2961 coelo
653 2896 688 2959 in
714 2904 837 2960 terram
863 2896 1045 2981 respicient.
1091 2894 1146 2959 Ab

139 2993 188 3057 eis
208 2993 319 3056 vultus
339 3001 489 3058 avertent
513 2994 630 3070 sidera,
652 3003 686 3059 et
706 2995 838 3074 solitum
858 3014 990 3059 cursum
1011 2994 1146 3058 confun-

141 3090 230 3155 dent.
279 3088 432 3155 Arebunt
458 3100 585 3178 segetes
611 3091 661 3156 his
687 3091 943 3178 indignantibus,
970 3099 1004 3156 et
1028 3092 1147 3156 humor

141 3189 280 3254 convexi
299 3189 482 3274 negabitur.
529 3189 670 3255 Radices
690 3199 724 3254 et
744 3191 827 3254 rami
850 3191 937 3255 vices
957 3193 1146 3256 mutabuntz

142 3289 335 3372 novitasque
371 3289 420 3354 rei
449 3289 514 3353 erit
549 3289 583 3353 in
620 3289 821 3354 miraculum.
869 3290 1030 3374 Splendor
1062 3289 1147 3354 Solis

142 3388 264 3452 electro
287 3386 446 3452 Mercurii
471 3389 658 3474 languebit:
687 3397 720 3454 et
746 3390 808 3453 erit
833 3389 951 3453 horror
975 3389 1148 3474 inspicien-

142 3487 240 3552 tibus.
289 3485 436 3551 Mutabit
473 3487 620 3572 clypeum
652 3486 781 3552 Stilbon
811 3486 981 3552 Arcadiae:
1018 3488 1148 3552 vocabit

143 3583 308 3650 Venerem
331 3586 425 3670 galea
452 3583 585 3650 Martie.
633 3585 737 3650 Galea
761 3584 884 3650 Martis
905 3587 1054 3650 umbram
1074 3609 1149 3650 oon-

143 3684 250 3748 ficiet:
274 3692 308 3747 et
327 3683 481 3748 transibit
495 3684 651 3748 terminos
671 3683 765 3748 furor
782 3682 953 3749 Mercurii.
1001 3683 1150 3752 Nudabit

145 3803 256 3846 ensem
279 3781 385 3848 Orion
400 3782 538 3847 ferreus.
584 3781 727 3846 Vexabit
752 3783 856 3847 nubes
878 3780 1022 3848 Phoebus
1043 3805 1151 3868 aequo-

144 3902 231 3946 reus
280 3879 395 3945 Exibit
411 3881 544 3965 Jupiter
557 3881 663 3945 licitas
676 3882 808 3946 semitas
822 3902 830 3946 ε
854 3889 887 3946 et
896 3881 1009 3946 Venus
1022 3883 1155 3948 deseret

147 3987 289 4044 statutas
318 3979 431 4044 lineas.
480 3978 616 4042 Saturni
646 3979 763 4044 sideris
797 3980 881 4044 livor
910 3981 1051 4065 pluendo
1082 3997 1155 4045 cor·'

146 4086 233 4153 ruet,
257 4086 292 4142 et
306 4078 390 4142 falce
415 4099 554 4142 recrnva
578 4079 735 4144 mortales
757 4079 906 4162 perimet.
970 4076 1029 4143 Bis
1056 4101 1154 4146 senus

148 4197 303 4240 numerus
320 4176 491 4240 domorum
508 4177 662 4252 siderum,
680 4176 810 4240 deflebit
824 4177 969 4262 hospites
985 4179 1033 4242 ita
1047 4186 1154 4244 trans-

1004 4295 1026 4338 n
