2848 4888
404 503 558 548 ursromn
573 501 646 545 nne.
661 499 743 543 amr.
757 497 820 543 nra.
829 497 860 539 x.
1088 479 1147 542 189

145 651 307 717 Evandro
321 671 400 736 rege
417 649 519 735 Syriae
534 645 801 732 congrederetur,
817 643 930 707 lancea
944 640 1048 725 ipsius
1061 640 1150 705 intra

140 753 252 837 gulam
281 750 383 814 infixa
404 749 505 812 vitam
528 767 602 809 cum
625 745 783 829 sanguine
805 742 973 807 eructavit.
1020 738 1149 804 Amise-

140 859 219 914 runt
243 869 375 935 quoque
397 853 537 930 quatuor
560 863 722 928 proceres,
740 841 914 928 Hirelgam
937 839 1147 924 Deperirum,

143 947 344 1012 Mauricium
372 944 664 1016 Cadorcanensem,
696 939 815 1004 Aliduc
846 940 886 1004 de
918 937 1082 1024 Tintagol,
1117 945 1150 1001 et

141 1047 245 1112 filium
269 1045 397 1108 Hider:
429 1041 548 1127 quibus
578 1039 768 1104 audaciores
798 1060 864 1103 non
889 1037 985 1101 facile
1013 1036 1151 1120 reperiri

142 1152 307 1230 poterant,
324 1165 384 1207 nec
398 1151 508 1206 tamen
520 1138 663 1203 audacia
679 1159 745 1202 snae
758 1138 951 1202 desistentes
964 1135 1025 1199 sibi
1038 1137 1151 1220 despe-

143 1251 320 1308 raverunt:
344 1241 402 1305 sed
423 1240 511 1304 omni
533 1237 609 1300 nisu
633 1237 804 1311 instantes,
830 1242 863 1298 et
878 1234 1023 1318 captivos
1045 1241 1152 1298 custo-

145 1343 225 1418 dire,
257 1351 292 1406 et
322 1339 469 1404 inimicos
499 1343 707 1421 prosternere
739 1334 963 1398 intendebant.
1010 1332 1153 1396 Romani

144 1442 279 1506 tandem
294 1457 502 1522 congressum
532 1455 646 1498 eorum
674 1433 762 1498 ferre
782 1455 848 1498 non
870 1433 1026 1507 valentes,
1054 1453 1153 1517 ocyus

145 1541 331 1623 relinquere
346 1547 505 1619 campum,
518 1542 552 1597 et
568 1540 675 1596 castra
687 1553 747 1595 sua
757 1539 869 1616 petere
885 1539 1060 1615 coeperunt.
1106 1529 1154 1596 At

147 1639 303 1703 Britones
315 1658 419 1720 nsque
430 1637 637 1716 insequentes
650 1639 795 1715 stragem
804 1629 959 1705 inferunt,
973 1630 1155 1714 complures

147 1737 292 1821 capiunt,
323 1757 383 1798 nec
419 1733 661 1816 requieverunt,
693 1730 795 1793 donec
821 1728 933 1792 Vultei
966 1728 1091 1792 Catello
1123 1737 1157 1793 ct

149 1839 306 1905 Evandro
318 1858 396 1921 rege
413 1834 516 1919 Syriae
531 1831 719 1916 peremptis,
732 1839 858 1895 ceteros
872 1831 1003 1914 penitus
1019 1831 1156 1915 dissipa-

147 1944 278 2003 verunt.
327 1934 452 1998 Habita
461 1932 562 2017 igitur
573 1930 719 2003 victoria,
731 1929 875 2011 captivos
887 1949 967 2011 qnos
980 1929 1154 2006 ducebant,

148 2037 308 2100 miserunt
318 2032 483 2095 Parisios:
507 2037 606 2112 atque
622 2027 774 2091 cumillis
796 2047 878 2109 quos
901 2035 1050 2092 recenter
1065 2049 1157 2111 cepe-

149 2141 236 2208 rant,
253 2132 297 2196 ad
311 2152 423 2215 regem
438 2149 535 2192 suum
549 2125 753 2209 repedantes
767 2145 857 2209 spem
869 2145 1001 2189 summa
1012 2126 1156 2190 victoriae

150 2230 398 2317 promittebant,
415 2249 488 2291 cum
506 2225 681 2290 admodum
697 2223 790 2306 pauci
809 2223 849 2287 de
866 2231 917 2287 tot
933 2225 1158 2307 supervenien-

151 2333 241 2396 tibus
256 2328 405 2394 hostibus
419 2324 621 2408 triumphum
635 2322 835 2386 habuissent.

171 2602 186 2682 t
208 2601 237 2662 6.
259 2616 371 2660 nucius
391 2613 536 2658 muamus
557 2612 711 2654 cursans
731 2611 824 2654 surr:
852 2611 994 2655 rarunus
1014 2612 1140 2655 vitnau

463 2717 637 2762 suusmnru
659 2717 863 2760 manumrua.

385 3319 396 3325 ’
462 3327 740 3413 Augustodunum
789 3334 949 3408 receptus,
1008 3329 1165 3393 auxilium

161 3426 283 3491 Leonis
319 3427 525 3509 imperatoris
563 3433 721 3509 expectet.
778 3424 998 3507 Acquiescens
1035 3428 1166 3491 tandem

161 3524 327 3589 formidini
349 3534 444 3590 nocte
469 3525 617 3608 sequenti
632 3524 821 3608 praedictam
836 3525 1000 3588 civitatem
1015 3525 1166 3592 aditurus
1224 3553 1226 3558 ·

163 3624 326 3708 Lengrias
350 3645 424 3686 cum
450 3624 645 3688 exercitibus
673 3623 740 3686 suis
763 3622 958 3706 ingreditur.
1006 3624 1104 3704 Quod
1130 3635 1167 3690 ut

163 3723 291 3787 Arturo
315 3729 517 3804 compertum
543 3728 604 3795 est,
626 3721 781 3784 affectans
796 3721 860 3784 iter
882 3721 953 3804 ejus
974 3723 1166 3806 precedere,

165 3822 279 3886 eadem
290 3826 395 3894 nocte,
414 3819 529 3883 relicta
548 3840 568 3882 a
586 3819 668 3882 laeva
694 3818 835 3893 civitate,
852 3821 1016 3902 quandam
1042 3822 1167 3899 vallem,

164 3941 263 4004 quam
270 3916 390 3980 Lucius
399 3925 664 4001 transgressurus
675 3924 755 3991 erat,
765 3917 958 4001 ingreditur,
970 3940 1042 4002 quae
1054 3920 1170 3988 Suesia

166 4017 354 4080 vocabatur.
381 4015 626 4080 commilitones
641 4033 722 4099 ergo
736 4035 811 4078 suos
827 4035 885 4098 per
900 4024 1047 4082 catervas
1063 4019 1170 4104 dispo-

165 4135 244 4178 nere
274 4113 396 4190 volenS,
422 4113 584 4199 legionem
609 4135 709 4180 unam
740 4112 792 4176 cui
817 4113 1009 4196 praefecerat
1036 4115 1172 4185 Morvid

167 4211 332 4276 consulem
350 4211 614 4277 Claudiocestriae
625 4211 725 4295 jussit
736 4211 861 4287 adesse,
878 4221 914 4276 ut
937 4214 963 4277 si
986 4236 1067 4298 opus
1091 4218 1172 4281 acci-
