2848 4888
434 452 588 497 marorum
603 453 676 496 aaa.
689 453 770 498 nair.
786 453 848 496 tm.
863 453 893 496 v.
1127 439 1167 499 93

150 593 337 658 nefandum
360 597 541 661 exercitum
558 596 678 661 Guanii
693 606 726 662 et
751 596 882 682 Melgae,
899 596 956 681 qui
966 597 1064 680 jussu
1082 595 1167 662 Gra-

150 691 240 755 tiani
266 693 416 758 nationes
439 696 678 759 maritimorum
705 704 739 759 et
769 695 953 759 Germaniae
979 696 1051 760 dira
1077 697 1168 762 clade

152 791 397 874 opprimebant.
444 793 529 858 Erat
554 803 665 858 autem
690 792 841 858 Guanius
867 814 926 856 rex
954 793 1165 872 Hunnorum,

154 888 277 976 Melga
291 912 370 955 vero
394 890 575 968 Pictorum,
592 913 675 975 quos
701 893 862 956 asciverat
886 892 948 956 sibi
974 891 1165 970 Gratianus,

152 988 358 1073 miseratque
373 989 408 1052 in
425 989 646 1066 Germaniam,
659 999 698 1054 ut
713 1011 769 1055 eos
784 991 841 1073 qui
857 988 1063 1056 Maximiano
1077 992 1166 1058 fave·

151 1098 245 1162 rent,
282 1087 512 1172 inquietarent.
564 1087 631 1151 Per
666 1087 831 1152 maritima
867 1109 947 1173 ergo
985 1089 1166 1168 sevientes,

153 1185 334 1249 obviarunt
363 1187 527 1270 praedictis
561 1186 675 1270 puellis
705 1187 740 1249 in
768 1195 880 1270 partes
909 1188 981 1251 illas
1010 1190 1166 1271 appulsis

155 1282 376 1368 Inspicientes
391 1287 493 1371 igitur
509 1306 621 1349 earum
636 1285 921 1369 pulchritudinem,
937 1288 1168 1354 lascivirecum

153 1385 208 1446 eis
235 1386 429 1448 voluerunt:
458 1384 516 1448 sed
539 1405 614 1447 cum
637 1385 888 1469 abnegavisscnt
911 1387 1038 1470 puellae,
1055 1387 1090 1451 in
1111 1409 1167 1454 eas

152 1480 345 1547 Ambrones
369 1483 548 1558 irruerunt,
572 1482 814 1566 maximamque
834 1493 929 1568 parte
949 1484 1019 1549 sine
1044 1486 1167 1568 pietate

151 1581 417 1664 trucidaverunt.
454 1581 584 1646 Deinde
596 1583 729 1646 nefandi
742 1583 913 1647 Pictorum
923 1593 957 1648 et
967 1583 1167 1648 Hunnorum

153 1679 257 1744 duces
289 1679 438 1743 Guanius
469 1688 503 1743 et
530 1679 654 1765 Malga,
683 1681 739 1764 qui
765 1682 914 1766 partibus
952 1681 1104 1746 Gratiani
1134 1693 1167 1748 et

155 1777 382 1842 Valentiniani
398 1779 564 1855 favebant,
581 1800 655 1842 cum
672 1779 862 1844 didicissent
876 1781 1017 1846 insulam
1033 1781 1166 1847 Britan-

153 1879 221 1942 niae
247 1879 288 1943 ab
304 1879 392 1942 omui
407 1888 534 1942 armato
554 1878 658 1943 milite
681 1889 863 1956 vacuatam,
887 1881 951 1945 iter
973 1882 1166 1946 festinatum

152 1997 274 2040 versus
300 1977 389 2040 illam
416 1977 628 2041 direxerunt:
662 1977 897 2062 associatisque
913 1979 975 2043 sibi
997 1980 1166 2044 collatera-

152 2075 244 2138 libus
258 2075 384 2150 insulis,
395 2074 429 2137 in
444 2073 619 2138 Albaniam
630 2075 867 2159 applicuerunt.
913 2075 1055 2162 Agmine
1064 2077 1167 2162 igitur

153 2173 245 2237 facto
271 2174 463 2238 invaserunt
492 2195 631 2259 regnum
661 2174 750 2258 quod
778 2183 907 2239 rectore
932 2185 966 2240 et
994 2176 1166 2240 defensore

153 2274 301 2349 carebat,
331 2273 450 2358 vulgus
479 2273 704 2338 irrationabile
733 2274 903 2340 caedentes.
971 2275 1167 2343 Abduxerat

154 2372 246 2436 enim
275 2393 386 2436 secum
417 2370 641 2436 Maximianus
672 2373 724 2454 (ut
745 2374 936 2456 praedictum
963 2376 1027 2458 est)
1054 2397 1166 2440 omnes

153 2471 328 2535 bellicosos
348 2471 487 2554 juvenes
508 2472 563 2554 qui
586 2471 724 2554 reperiri
745 2481 939 2554 potuerant:
962 2472 1166 2558 inermesque

154 2570 289 2634 colonos
304 2578 406 2653 atque
419 2569 620 2634 inconsultos
636 2569 823 2654 reliquerat.
871 2571 964 2649 Quos
987 2593 1060 2636 cum
1082 2595 1165 2656 praa-

155 2667 238 2732 dicti
256 2667 406 2731 Guanius
422 2679 456 2732 et
473 2666 588 2754 Melga
602 2677 832 2751 compererunt
855 2669 988 2734 minime
1009 2671 1165 2739 resistere

154 2789 263 2851 posse,
280 2776 423 2853 stragem
438 2790 504 2832 non
519 2768 682 2831 minimam
698 2767 865 2842 facientes,
877 2769 976 2832 urbes
986 2778 1020 2833 et
1034 2771 1165 2854 provin-

154 2866 233 2942 cias,
259 2875 299 2930 ut
322 2867 433 2931 ovium
458 2868 577 2943 caulas,
605 2875 735 2931 vastare
761 2888 827 2929 non
853 2867 1032 2933 cessabant.
1080 2869 1165 2935 Cum

156 2985 236 3049 ergo
251 2972 346 3028 tanta
360 2964 527 3028 calamitas
544 2963 748 3028 Maximiano
763 2965 918 3029 nunciata
931 2965 1060 3042 fuisset,
1076 2967 1166 3032 misit

157 3064 354 3129 Gratianum
372 3063 576 3149 Municipem
591 3086 665 3128 cum
682 3065 805 3130 duabas
816 3066 1010 3151 legionibus
1024 3076 1062 3130 ut
1073 3069 1164 3132 auxi-

155 3163 236 3227 lium
252 3163 481 3227 subvectaret:
505 3163 562 3248 qui
577 3171 615 3227 ut
634 3163 669 3226 in
683 3163 823 3227 insulam
838 3174 1009 3240 venerunt,
1026 3167 1164 3250 praeliati

157 3270 234 3326 sunt
250 3283 324 3325 cum
339 3261 504 3345 praedictis
525 3261 686 3350 hostibus,
710 3271 744 3327 et
763 3263 922 3327 acerrima
936 3285 1015 3328 nece
1029 3265 1164 3328 affectos

156 3361 243 3444 ipsos
258 3361 294 3424 in
311 3360 507 3425 Hiberniam
522 3361 732 3446 fugaverunt.
790 3362 922 3427 Interea
938 3363 1163 3428 Maximianus

157 3460 272 3524 Romae
295 3459 489 3524 interfectus
512 3468 562 3524 est
585 3460 625 3523 ab
648 3460 758 3524 amicis
776 3459 937 3537 Gratiani,
953 3472 986 3527 et
1009 3463 1163 3528 Britones

158 3580 237 3642 quos
267 3580 379 3622 secum
405 3559 554 3634 duxerat,
571 3559 736 3623 interfecti
759 3568 836 3623 sunt
859 3568 892 3623 et
915 3560 1083 3645 dissipati:
1108 3563 1164 3645 qui

160 3657 294 3721 evadere
309 3665 497 3740 potuerunt,
514 3659 727 3722 veneruntad
743 3659 891 3722 concives
903 3680 979 3724 suos
991 3660 1033 3724 ad
1044 3657 1163 3723 Armo-

160 3756 268 3832 ricam,
285 3756 441 3841 quaejam
456 3757 560 3821 altera
576 3755 749 3820 Britannia
764 3758 951 3822 vocabatur.
