<?xml version="1.0" encoding="UTF-8"?>
<!DOCTYPE html PUBLIC "-//W3C//DTD XHTML 1.0 Transitional//EN"
    "http://www.w3.org/TR/xhtml1/DTD/xhtml1-transitional.dtd">
<html xmlns="http://www.w3.org/1999/xhtml" xml:lang="en" lang="en">
 <head>
  <title>
</title>
<meta http-equiv="Content-Type" content="text/html;charset=utf-8" />
  <meta name='ocr-system' content='tesseract 3.04.00' />
  <meta name='ocr-capabilities' content='ocr_page ocr_carea ocr_par ocr_line ocrx_word'/>
</head>
<body>
  <div class='ocr_page' id='page_1' title='image "./galfredimonumet00virugoog_0247.png"; bbox 0 0 2872 4876; ppageno 0'>
   <div class='ocr_carea' id='block_1_1' title="bbox 0 4320 4 4873">
    <p class='ocr_par' dir='ltr' id='par_1_1' title="bbox 0 4320 4 4873">
     <span class='ocr_line' id='line_1_1' title="bbox 0 4320 4 4873; baseline 0 0"><span class='ocrx_word' id='word_1_1' title='bbox 0 4320 4 4873; x_wconf 95' lang='lat' dir='ltr'><strong> </strong></span> 
     </span>
    </p>
   </div>
   <div class='ocr_carea' id='block_1_2' title="bbox 388 503 1136 567">
    <p class='ocr_par' dir='ltr' id='par_1_2' title="bbox 388 503 1136 567">
     <span class='ocr_line' id='line_1_2' title="bbox 388 503 1136 567; baseline 0.004 -3"><span class='ocrx_word' id='word_1_2' title='bbox 388 521 543 564; x_wconf 81' lang='lat' dir='ltr'><strong>nrsrounu</strong></span> <span class='ocrx_word' id='word_1_3' title='bbox 558 522 631 566; x_wconf 80' lang='lat' dir='ltr'><strong>nne.</strong></span> <span class='ocrx_word' id='word_1_4' title='bbox 646 521 728 566; x_wconf 81' lang='lat' dir='ltr'><strong>sarr.</strong></span> <span class='ocrx_word' id='word_1_5' title='bbox 743 521 804 564; x_wconf 79' lang='lat' dir='ltr'><strong>urs.</strong></span> <span class='ocrx_word' id='word_1_6' title='bbox 817 521 873 565; x_wconf 88' lang='lat' dir='ltr'><strong>x11.</strong></span> <span class='ocrx_word' id='word_1_7' title='bbox 1077 503 1136 567; x_wconf 80' lang='lat'><strong>217</strong></span> 
     </span>
    </p>
   </div>
   <div class='ocr_carea' id='block_1_3' title="bbox 134 665 1153 4306">
    <p class='ocr_par' dir='ltr' id='par_1_3' title="bbox 134 665 1153 4306">
     <span class='ocr_line' id='line_1_3' title="bbox 134 665 1138 750; baseline 0.002 -22"><span class='ocrx_word' id='word_1_8' title='bbox 134 686 232 748; x_wconf 89' lang='lat' dir='ltr'><strong>quam</strong></span> <span class='ocrx_word' id='word_1_9' title='bbox 249 665 391 750; x_wconf 79' lang='lat' dir='ltr'><strong>dignitas</strong></span> <span class='ocrx_word' id='word_1_10' title='bbox 411 667 594 750; x_wconf 89' lang='lat' dir='ltr'><strong>expetebat,</strong></span> <span class='ocrx_word' id='word_1_11' title='bbox 618 676 652 731; x_wconf 90' lang='lat' dir='ltr'><strong>et</strong></span> <span class='ocrx_word' id='word_1_12' title='bbox 671 668 712 731; x_wconf 90' lang='lat' dir='ltr'><strong>ob</strong></span> <span class='ocrx_word' id='word_1_13' title='bbox 728 667 915 732; x_wconf 89' lang='lat' dir='ltr'><strong>divitiarum</strong></span> <span class='ocrx_word' id='word_1_14' title='bbox 940 665 1138 730; x_wconf 89' lang='lat' dir='ltr'><strong>affluentiam</strong></span> 
     </span>
     <span class='ocr_line' id='line_1_4' title="bbox 135 764 1138 849; baseline 0.002 -23"><span class='ocrx_word' id='word_1_15' title='bbox 135 764 276 846; x_wconf 86' lang='lat' dir='ltr'>superbi,</span> <span class='ocrx_word' id='word_1_16' title='bbox 299 773 465 848; x_wconf 89' lang='lat' dir='ltr'><strong>coeperunt</strong></span> <span class='ocrx_word' id='word_1_17' title='bbox 485 766 544 829; x_wconf 90' lang='lat' dir='ltr'><strong>tali</strong></span> <span class='ocrx_word' id='word_1_18' title='bbox 564 773 711 829; x_wconf 82' lang='lat' dir='ltr'><strong>attentae</strong></span> <span class='ocrx_word' id='word_1_19' title='bbox 731 765 938 829; x_wconf 84' lang='lat' dir='ltr'><strong>fornicationi</strong></span> <span class='ocrx_word' id='word_1_20' title='bbox 957 765 1138 849; x_wconf 89' lang='lat' dir='ltr'><strong>indulgere,</strong></span> 
     </span>
     <span class='ocr_line' id='line_1_5' title="bbox 135 863 1139 950; baseline 0.005 -26"><span class='ocrx_word' id='word_1_21' title='bbox 135 863 241 945; x_wconf 89' lang='lat' dir='ltr'><strong>qualis</strong></span> <span class='ocrx_word' id='word_1_22' title='bbox 257 885 316 926; x_wconf 91' lang='lat' dir='ltr'><strong>nec</strong></span> <span class='ocrx_word' id='word_1_23' title='bbox 331 864 417 928; x_wconf 90' lang='lat' dir='ltr'><strong>inter</strong></span> <span class='ocrx_word' id='word_1_24' title='bbox 432 873 545 950; x_wconf 84' lang='lat' dir='ltr'><strong>gentes</strong></span> <span class='ocrx_word' id='word_1_25' title='bbox 561 865 673 928; x_wconf 90' lang='lat' dir='ltr'><strong>audita</strong></span> <span class='ocrx_word' id='word_1_26' title='bbox 688 872 756 928; x_wconf 90' lang='lat' dir='ltr'><strong>est:</strong></span> <span class='ocrx_word' id='word_1_27' title='bbox 780 872 813 928; x_wconf 92' lang='lat' dir='ltr'><strong>et</strong></span> <span class='ocrx_word' id='word_1_28' title='bbox 837 863 887 946; x_wconf 92' lang='lat' dir='ltr'><strong>(ut</strong></span> <span class='ocrx_word' id='word_1_29' title='bbox 905 864 1018 928; x_wconf 86' lang='lat' dir='ltr'><strong>Gildas</strong></span> <span class='ocrx_word' id='word_1_30' title='bbox 1037 866 1139 929; x_wconf 88' lang='lat' dir='ltr'><strong>histo·</strong></span> 
     </span>
     <span class='ocr_line' id='line_1_6' title="bbox 135 959 1138 1047; baseline 0.007 -26"><span class='ocrx_word' id='word_1_31' title='bbox 135 959 223 1022; x_wconf 90' lang='lat' dir='ltr'><strong>ricus</strong></span> <span class='ocrx_word' id='word_1_32' title='bbox 238 965 395 1046; x_wconf 85' lang='lat' dir='ltr'><strong>testatur)</strong></span> <span class='ocrx_word' id='word_1_33' title='bbox 418 985 484 1026; x_wconf 93' lang='lat' dir='ltr'><strong>non</strong></span> <span class='ocrx_word' id='word_1_34' title='bbox 508 964 611 1026; x_wconf 92' lang='lat' dir='ltr'><strong>solum</strong></span> <span class='ocrx_word' id='word_1_35' title='bbox 631 964 692 1026; x_wconf 90' lang='lat' dir='ltr'><strong>hoc</strong></span> <span class='ocrx_word' id='word_1_36' title='bbox 707 963 833 1037; x_wconf 89' lang='lat' dir='ltr'><strong>vitium,</strong></span> <span class='ocrx_word' id='word_1_37' title='bbox 858 962 916 1026; x_wconf 91' lang='lat' dir='ltr'><strong>sed</strong></span> <span class='ocrx_word' id='word_1_38' title='bbox 934 964 1042 1027; x_wconf 90' lang='lat' dir='ltr'><strong>omnia</strong></span> <span class='ocrx_word' id='word_1_39' title='bbox 1067 986 1138 1047; x_wconf 84' lang='lat' dir='ltr'><strong>quae</strong></span> 
     </span>
     <span class='ocr_line' id='line_1_7' title="bbox 135 1058 1140 1145; baseline 0.007 -25"><span class='ocrx_word' id='word_1_40' title='bbox 135 1058 285 1122; x_wconf 72' lang='lat' dir='ltr'><strong>humanas</strong></span> <span class='ocrx_word' id='word_1_41' title='bbox 314 1069 442 1125; x_wconf 74' lang='lat' dir='ltr'><strong>natura</strong></span> <span class='ocrx_word' id='word_1_42' title='bbox 477 1063 624 1126; x_wconf 89' lang='lat' dir='ltr'><strong>accidere</strong></span> <span class='ocrx_word' id='word_1_43' title='bbox 654 1063 768 1136; x_wconf 84' lang='lat' dir='ltr'><strong>solent,</strong></span> <span class='ocrx_word' id='word_1_44' title='bbox 806 1069 1047 1145; x_wconf 89' lang='lat' dir='ltr'><strong>perpetrarunt.</strong></span> <span class='ocrx_word' id='word_1_45' title='bbox 1095 1061 1140 1127; x_wconf 82' lang='lat' dir='ltr'><strong>Et</strong></span> 
     </span>
     <span class='ocr_line' id='line_1_8' title="bbox 136 1157 1138 1244; baseline 0.005 -24"><span class='ocrx_word' id='word_1_46' title='bbox 136 1157 275 1221; x_wconf 92' lang='lat' dir='ltr'><strong>invaluit</strong></span> <span class='ocrx_word' id='word_1_47' title='bbox 305 1161 477 1243; x_wconf 87' lang='lat' dir='ltr'><strong>praecipue,</strong></span> <span class='ocrx_word' id='word_1_48' title='bbox 509 1161 595 1244; x_wconf 91' lang='lat' dir='ltr'><strong>quod</strong></span> <span class='ocrx_word' id='word_1_49' title='bbox 620 1161 721 1223; x_wconf 90' lang='lat' dir='ltr'><strong>totius</strong></span> <span class='ocrx_word' id='word_1_50' title='bbox 747 1160 824 1223; x_wconf 93' lang='lat' dir='ltr'><strong>boni</strong></span> <span class='ocrx_word' id='word_1_51' title='bbox 861 1160 979 1224; x_wconf 87' lang='lat' dir='ltr'><strong>evertit</strong></span> <span class='ocrx_word' id='word_1_52' title='bbox 1008 1169 1138 1239; x_wconf 88' lang='lat' dir='ltr'><strong>statum,</strong></span> 
     </span>
     <span class='ocr_line' id='line_1_9' title="bbox 137 1256 1140 1341; baseline 0.002 -21"><span class='ocrx_word' id='word_1_53' title='bbox 137 1256 249 1320; x_wconf 92' lang='lat' dir='ltr'><strong>odium</strong></span> <span class='ocrx_word' id='word_1_54' title='bbox 264 1258 412 1322; x_wconf 89' lang='lat' dir='ltr'><strong>veritatis</strong></span> <span class='ocrx_word' id='word_1_55' title='bbox 430 1281 501 1323; x_wconf 91' lang='lat' dir='ltr'><strong>cum</strong></span> <span class='ocrx_word' id='word_1_56' title='bbox 522 1259 740 1323; x_wconf 78' lang='lat' dir='ltr'><strong>assertoribus</strong></span> <span class='ocrx_word' id='word_1_57' title='bbox 761 1259 847 1322; x_wconf 91' lang='lat' dir='ltr'><strong>suis:</strong></span> <span class='ocrx_word' id='word_1_58' title='bbox 875 1279 1031 1341; x_wconf 87' lang='lat' dir='ltr'><strong>amorque</strong></span> <span class='ocrx_word' id='word_1_59' title='bbox 1050 1281 1140 1323; x_wconf 88' lang='lat' dir='ltr'><strong>men-</strong></span> 
     </span>
     <span class='ocr_line' id='line_1_10' title="bbox 137 1357 1140 1442; baseline 0.004 -22"><span class='ocrx_word' id='word_1_60' title='bbox 137 1357 222 1421; x_wconf 87' lang='lat' dir='ltr'><strong>dacii</strong></span> <span class='ocrx_word' id='word_1_61' title='bbox 233 1379 308 1420; x_wconf 91' lang='lat' dir='ltr'><strong>cum</strong></span> <span class='ocrx_word' id='word_1_62' title='bbox 322 1357 574 1423; x_wconf 80' lang='lat' dir='ltr'><strong>fabricatoribus</strong></span> <span class='ocrx_word' id='word_1_63' title='bbox 591 1359 673 1422; x_wconf 91' lang='lat' dir='ltr'><strong>suis:</strong></span> <span class='ocrx_word' id='word_1_64' title='bbox 697 1359 859 1442; x_wconf 81' lang='lat' dir='ltr'><strong>susceptio</strong></span> <span class='ocrx_word' id='word_1_65' title='bbox 874 1358 950 1422; x_wconf 90' lang='lat' dir='ltr'><strong>mali</strong></span> <span class='ocrx_word' id='word_1_66' title='bbox 964 1380 1024 1442; x_wconf 91' lang='lat' dir='ltr'><strong>pro</strong></span> <span class='ocrx_word' id='word_1_67' title='bbox 1039 1359 1140 1424; x_wconf 86' lang='lat' dir='ltr'><strong>bono:</strong></span> 
     </span>
     <span class='ocr_line' id='line_1_11' title="bbox 136 1455 1142 1541; baseline 0.001 -21"><span class='ocrx_word' id='word_1_68' title='bbox 136 1455 305 1520; x_wconf 91' lang='lat' dir='ltr'><strong>veneratio</strong></span> <span class='ocrx_word' id='word_1_69' title='bbox 330 1456 481 1539; x_wconf 75' lang='lat' dir='ltr'><strong>nequitia</strong></span> <span class='ocrx_word' id='word_1_70' title='bbox 507 1478 566 1540; x_wconf 92' lang='lat' dir='ltr'><strong>pro</strong></span> <span class='ocrx_word' id='word_1_71' title='bbox 592 1456 812 1541; x_wconf 83' lang='lat' dir='ltr'><strong>benignitate:</strong></span> <span class='ocrx_word' id='word_1_72' title='bbox 836 1457 983 1540; x_wconf 84' lang='lat' dir='ltr'><strong>exceptio</strong></span> <span class='ocrx_word' id='word_1_73' title='bbox 1011 1456 1142 1521; x_wconf 79' lang='lat' dir='ltr'><strong>Satanae</strong></span> 
     </span>
     <span class='ocr_line' id='line_1_12' title="bbox 136 1551 1140 1641; baseline 0.005 -25"><span class='ocrx_word' id='word_1_74' title='bbox 136 1575 197 1638; x_wconf 91' lang='lat' dir='ltr'><strong>pro</strong></span> <span class='ocrx_word' id='word_1_75' title='bbox 235 1551 364 1638; x_wconf 84' lang='lat' dir='ltr'><strong>Angelo</strong></span> <span class='ocrx_word' id='word_1_76' title='bbox 400 1555 492 1618; x_wconf 92' lang='lat' dir='ltr'><strong>lucis.</strong></span> <span class='ocrx_word' id='word_1_77' title='bbox 540 1555 754 1640; x_wconf 90' lang='lat' dir='ltr'><strong>Ungebantur</strong></span> <span class='ocrx_word' id='word_1_78' title='bbox 784 1576 879 1641; x_wconf 87' lang='lat' dir='ltr'><strong>reges</strong></span> <span class='ocrx_word' id='word_1_79' title='bbox 912 1577 977 1618; x_wconf 89' lang='lat' dir='ltr'><strong>non</strong></span> <span class='ocrx_word' id='word_1_80' title='bbox 1007 1565 1140 1641; x_wconf 92' lang='lat' dir='ltr'><strong>propter</strong></span> 
     </span>
     <span class='ocr_line' id='line_1_13' title="bbox 139 1654 1141 1741; baseline 0.004 -24"><span class='ocrx_word' id='word_1_81' title='bbox 139 1655 261 1729; x_wconf 91' lang='lat' dir='ltr'><strong>Deum,</strong></span> <span class='ocrx_word' id='word_1_82' title='bbox 284 1655 342 1717; x_wconf 91' lang='lat' dir='ltr'><strong>sed</strong></span> <span class='ocrx_word' id='word_1_83' title='bbox 362 1654 419 1736; x_wconf 90' lang='lat' dir='ltr'><strong>qui</strong></span> <span class='ocrx_word' id='word_1_84' title='bbox 434 1655 550 1718; x_wconf 90' lang='lat' dir='ltr'><strong>ceteris</strong></span> <span class='ocrx_word' id='word_1_85' title='bbox 566 1655 763 1719; x_wconf 87' lang='lat' dir='ltr'><strong>crudeliores</strong></span> <span class='ocrx_word' id='word_1_86' title='bbox 779 1663 965 1720; x_wconf 89' lang='lat' dir='ltr'><strong>exstarent:</strong></span> <span class='ocrx_word' id='word_1_87' title='bbox 989 1663 1021 1720; x_wconf 94' lang='lat' dir='ltr'><strong>et</strong></span> <span class='ocrx_word' id='word_1_88' title='bbox 1045 1658 1141 1741; x_wconf 88' lang='lat' dir='ltr'><strong>paulo</strong></span> 
     </span>
     <span class='ocr_line' id='line_1_14' title="bbox 137 1754 1142 1837; baseline 0.003 -19"><span class='ocrx_word' id='word_1_89' title='bbox 137 1761 213 1837; x_wconf 86' lang='lat' dir='ltr'><strong>post</strong></span> <span class='ocrx_word' id='word_1_90' title='bbox 227 1754 269 1817; x_wconf 93' lang='lat' dir='ltr'><strong>ab</strong></span> <span class='ocrx_word' id='word_1_91' title='bbox 290 1754 489 1829; x_wconf 89' lang='lat' dir='ltr'><strong>unctoribus,</strong></span> <span class='ocrx_word' id='word_1_92' title='bbox 510 1775 577 1816; x_wconf 93' lang='lat' dir='ltr'><strong>non</strong></span> <span class='ocrx_word' id='word_1_93' title='bbox 596 1775 655 1836; x_wconf 92' lang='lat' dir='ltr'><strong>pro</strong></span> <span class='ocrx_word' id='word_1_94' title='bbox 676 1755 746 1817; x_wconf 90' lang='lat' dir='ltr'><strong>veri</strong></span> <span class='ocrx_word' id='word_1_95' title='bbox 771 1754 1018 1831; x_wconf 82' lang='lat' dir='ltr'><strong>examinatione,</strong></span> <span class='ocrx_word' id='word_1_96' title='bbox 1039 1757 1142 1821; x_wconf 66' lang='lat' dir='ltr'><strong>&#39;truci-</strong></span> 
     </span>
     <span class='ocr_line' id='line_1_15' title="bbox 138 1851 1144 1936; baseline 0.001 -18"><span class='ocrx_word' id='word_1_97' title='bbox 138 1854 315 1918; x_wconf 88' lang='lat' dir='ltr'><strong>dabantur:</strong></span> <span class='ocrx_word' id='word_1_98' title='bbox 338 1851 409 1915; x_wconf 88' lang='lat' dir='ltr'><strong>aliis</strong></span> <span class='ocrx_word' id='word_1_99' title='bbox 422 1852 531 1915; x_wconf 91' lang='lat' dir='ltr'><strong>electis</strong></span> <span class='ocrx_word' id='word_1_100' title='bbox 542 1851 749 1916; x_wconf 89' lang='lat' dir='ltr'><strong>trucioribus.</strong></span> <span class='ocrx_word' id='word_1_101' title='bbox 797 1852 833 1915; x_wconf 87' lang='lat' dir='ltr'><strong>Si</strong></span> <span class='ocrx_word' id='word_1_102' title='bbox 848 1853 922 1936; x_wconf 89' lang='lat' dir='ltr'><strong>quis</strong></span> <span class='ocrx_word' id='word_1_103' title='bbox 933 1861 1014 1917; x_wconf 87' lang='lat' dir='ltr'><strong>&#39;vero</strong></span> <span class='ocrx_word' id='word_1_104' title='bbox 1030 1876 1144 1919; x_wconf 90' lang='lat' dir='ltr'><strong>eorum</strong></span> 
     </span>
     <span class='ocr_line' id='line_1_16' title="bbox 138 1951 1144 2036; baseline 0.002 -20"><span class='ocrx_word' id='word_1_105' title='bbox 138 1953 260 2027; x_wconf 88' lang='lat' dir='ltr'><strong>mitior,</strong></span> <span class='ocrx_word' id='word_1_106' title='bbox 299 1960 332 2014; x_wconf 93' lang='lat' dir='ltr'><strong>et</strong></span> <span class='ocrx_word' id='word_1_107' title='bbox 364 1951 496 2014; x_wconf 88' lang='lat' dir='ltr'><strong>veritati</strong></span> <span class='ocrx_word' id='word_1_108' title='bbox 519 1951 723 2034; x_wconf 89' lang='lat' dir='ltr'><strong>aliquatenus</strong></span> <span class='ocrx_word' id='word_1_109' title='bbox 746 1953 878 2036; x_wconf 92' lang='lat' dir='ltr'><strong>propior</strong></span> <span class='ocrx_word' id='word_1_110' title='bbox 900 1953 1078 2030; x_wconf 91' lang='lat' dir='ltr'><strong>videretur,</strong></span> <span class='ocrx_word' id='word_1_111' title='bbox 1109 1955 1144 2018; x_wconf 95' lang='lat' dir='ltr'><strong>in</strong></span> 
     </span>
     <span class='ocr_line' id='line_1_17' title="bbox 140 2048 1145 2133; baseline 0.006 -21"><span class='ocrx_word' id='word_1_112' title='bbox 140 2050 226 2113; x_wconf 88' lang='lat' dir='ltr'><strong>hunc</strong></span> <span class='ocrx_word' id='word_1_113' title='bbox 265 2051 358 2133; x_wconf 91' lang='lat' dir='ltr'><strong>quasi</strong></span> <span class='ocrx_word' id='word_1_114' title='bbox 395 2048 575 2114; x_wconf 87' lang='lat' dir='ltr'><strong>Britanniae</strong></span> <span class='ocrx_word' id='word_1_115' title='bbox 613 2051 850 2126; x_wconf 88' lang='lat' dir='ltr'><strong>subversorem,</strong></span> <span class='ocrx_word' id='word_1_116' title='bbox 889 2053 1032 2114; x_wconf 92' lang='lat' dir='ltr'><strong>omnium</strong></span> <span class='ocrx_word' id='word_1_117' title='bbox 1070 2052 1145 2118; x_wconf 83' lang='lat' dir='ltr'><strong>odia</strong></span> 
     </span>
     <span class='ocr_line' id='line_1_18' title="bbox 139 2148 1145 2232; baseline 0.004 -21"><span class='ocrx_word' id='word_1_118' title='bbox 139 2148 271 2231; x_wconf 72' lang='lat' dir='ltr'><strong>telaque</strong></span> <span class='ocrx_word' id='word_1_119' title='bbox 285 2148 532 2231; x_wconf 90' lang='lat' dir='ltr'><strong>torquebantur.</strong></span> <span class='ocrx_word' id='word_1_120' title='bbox 579 2148 731 2231; x_wconf 90' lang='lat' dir='ltr'><strong>Denique</strong></span> <span class='ocrx_word' id='word_1_121' title='bbox 747 2148 854 2212; x_wconf 89' lang='lat' dir='ltr'><strong>omnia</strong></span> <span class='ocrx_word' id='word_1_122' title='bbox 869 2169 940 2231; x_wconf 88' lang='lat' dir='ltr'><strong>quae</strong></span> <span class='ocrx_word' id='word_1_123' title='bbox 955 2149 1029 2212; x_wconf 91' lang='lat' dir='ltr'><strong>Deo</strong></span> <span class='ocrx_word' id='word_1_124' title='bbox 1040 2150 1145 2232; x_wconf 88' lang='lat' dir='ltr'><strong>place-</strong></span> 
     </span>
     <span class='ocr_line' id='line_1_19' title="bbox 140 2247 1144 2331; baseline 0.002 -21"><span class='ocrx_word' id='word_1_125' title='bbox 140 2248 219 2310; x_wconf 89' lang='lat' dir='ltr'><strong>bant</strong></span> <span class='ocrx_word' id='word_1_126' title='bbox 235 2255 269 2310; x_wconf 93' lang='lat' dir='ltr'><strong>et</strong></span> <span class='ocrx_word' id='word_1_127' title='bbox 284 2247 506 2330; x_wconf 88' lang='lat' dir='ltr'><strong>displicebant,</strong></span> <span class='ocrx_word' id='word_1_128' title='bbox 527 2247 643 2330; x_wconf 86' lang='lat' dir='ltr'><strong>aequali</strong></span> <span class='ocrx_word' id='word_1_129' title='bbox 663 2247 754 2310; x_wconf 88' lang='lat' dir='ltr'><strong>lance</strong></span> <span class='ocrx_word' id='word_1_130' title='bbox 773 2247 930 2310; x_wconf 87' lang='lat' dir='ltr'><strong>intereos</strong></span> <span class='ocrx_word' id='word_1_131' title='bbox 949 2249 1144 2331; x_wconf 88' lang='lat' dir='ltr'><strong>pendebant,</strong></span> 
     </span>
     <span class='ocr_line' id='line_1_20' title="bbox 142 2344 1146 2431; baseline 0.003 -23"><span class='ocrx_word' id='word_1_132' title='bbox 142 2347 169 2409; x_wconf 91' lang='lat' dir='ltr'><strong>si</strong></span> <span class='ocrx_word' id='word_1_133' title='bbox 184 2367 251 2408; x_wconf 93' lang='lat' dir='ltr'><strong>non</strong></span> <span class='ocrx_word' id='word_1_134' title='bbox 265 2345 417 2431; x_wconf 86' lang='lat' dir='ltr'><strong>graviora</strong></span> <span class='ocrx_word' id='word_1_135' title='bbox 435 2353 544 2409; x_wconf 85' lang='lat' dir='ltr'><strong>essent</strong></span> <span class='ocrx_word' id='word_1_136' title='bbox 566 2345 777 2428; x_wconf 86' lang='lat' dir='ltr'><strong>displicentia.</strong></span> <span class='ocrx_word' id='word_1_137' title='bbox 824 2344 941 2429; x_wconf 89' lang='lat' dir='ltr'><strong>Itaque</strong></span> <span class='ocrx_word' id='word_1_138' title='bbox 965 2346 1146 2431; x_wconf 88' lang='lat' dir='ltr'><strong>agebantur</strong></span> 
     </span>
     <span class='ocr_line' id='line_1_21' title="bbox 143 2443 1145 2528; baseline 0.001 -19"><span class='ocrx_word' id='word_1_139' title='bbox 143 2453 259 2510; x_wconf 88' lang='lat' dir='ltr'><strong>cuncta</strong></span> <span class='ocrx_word' id='word_1_140' title='bbox 274 2465 347 2528; x_wconf 89' lang='lat' dir='ltr'><strong>quae</strong></span> <span class='ocrx_word' id='word_1_141' title='bbox 363 2444 459 2507; x_wconf 88' lang='lat' dir='ltr'><strong>saluti</strong></span> <span class='ocrx_word' id='word_1_142' title='bbox 475 2451 569 2507; x_wconf 89' lang='lat' dir='ltr'><strong>erant</strong></span> <span class='ocrx_word' id='word_1_143' title='bbox 584 2443 766 2507; x_wconf 88' lang='lat' dir='ltr'><strong>contraria:</strong></span> <span class='ocrx_word' id='word_1_144' title='bbox 789 2464 827 2507; x_wconf 89' lang='lat' dir='ltr'><strong>ae</strong></span> <span class='ocrx_word' id='word_1_145' title='bbox 842 2444 870 2506; x_wconf 90' lang='lat' dir='ltr'><strong>si</strong></span> <span class='ocrx_word' id='word_1_146' title='bbox 884 2444 965 2506; x_wconf 92' lang='lat' dir='ltr'><strong>nihil</strong></span> <span class='ocrx_word' id='word_1_147' title='bbox 980 2446 1145 2510; x_wconf 84' lang='lat' dir='ltr'><strong>medicinae</strong></span> 
     </span>
     <span class='ocr_line' id='line_1_22' title="bbox 143 2540 1146 2626; baseline 0 -18"><span class='ocrx_word' id='word_1_148' title='bbox 143 2564 256 2607; x_wconf 90' lang='lat' dir='ltr'><strong>avero</strong></span> <span class='ocrx_word' id='word_1_149' title='bbox 272 2541 416 2605; x_wconf 91' lang='lat' dir='ltr'><strong>omnium</strong></span> <span class='ocrx_word' id='word_1_150' title='bbox 431 2542 555 2606; x_wconf 91' lang='lat' dir='ltr'><strong>medico</strong></span> <span class='ocrx_word' id='word_1_151' title='bbox 575 2541 762 2626; x_wconf 88' lang='lat' dir='ltr'><strong>largiretur.</strong></span> <span class='ocrx_word' id='word_1_152' title='bbox 809 2540 855 2605; x_wconf 89' lang='lat' dir='ltr'><strong>Et</strong></span> <span class='ocrx_word' id='word_1_153' title='bbox 874 2562 939 2605; x_wconf 90' lang='lat' dir='ltr'><strong>non</strong></span> <span class='ocrx_word' id='word_1_154' title='bbox 963 2544 1070 2606; x_wconf 91' lang='lat' dir='ltr'><strong>solum</strong></span> <span class='ocrx_word' id='word_1_155' title='bbox 1084 2546 1146 2608; x_wconf 92' lang='lat' dir='ltr'><strong>hoc</strong></span> 
     </span>
     <span class='ocr_line' id='line_1_23' title="bbox 143 2639 1146 2724; baseline 0.001 -19"><span class='ocrx_word' id='word_1_156' title='bbox 143 2641 304 2705; x_wconf 89' lang='lat' dir='ltr'><strong>seculares</strong></span> <span class='ocrx_word' id='word_1_157' title='bbox 320 2641 390 2715; x_wconf 87' lang='lat' dir='ltr'><strong>viri,</strong></span> <span class='ocrx_word' id='word_1_158' title='bbox 408 2640 465 2704; x_wconf 91' lang='lat' dir='ltr'><strong>sed</strong></span> <span class='ocrx_word' id='word_1_159' title='bbox 481 2649 514 2703; x_wconf 88' lang='lat' dir='ltr'><strong>et</strong></span> <span class='ocrx_word' id='word_1_160' title='bbox 528 2641 598 2723; x_wconf 92' lang='lat' dir='ltr'><strong>ipse</strong></span> <span class='ocrx_word' id='word_1_161' title='bbox 612 2661 694 2724; x_wconf 89' lang='lat' dir='ltr'><strong>grex</strong></span> <span class='ocrx_word' id='word_1_162' title='bbox 710 2639 841 2714; x_wconf 91' lang='lat' dir='ltr'><strong>domini,</strong></span> <span class='ocrx_word' id='word_1_163' title='bbox 854 2639 990 2723; x_wconf 89' lang='lat' dir='ltr'><strong>ejusque</strong></span> <span class='ocrx_word' id='word_1_164' title='bbox 998 2649 1146 2724; x_wconf 86' lang='lat' dir='ltr'><strong>pastores</strong></span> 
     </span>
     <span class='ocr_line' id='line_1_24' title="bbox 144 2736 1147 2821; baseline 0.001 -19"><span class='ocrx_word' id='word_1_165' title='bbox 144 2739 213 2803; x_wconf 91' lang='lat' dir='ltr'><strong>sine</strong></span> <span class='ocrx_word' id='word_1_166' title='bbox 244 2738 440 2802; x_wconf 90' lang='lat' dir='ltr'><strong>discretione</strong></span> <span class='ocrx_word' id='word_1_167' title='bbox 468 2737 639 2802; x_wconf 86' lang='lat' dir='ltr'><strong>faciebant.</strong></span> <span class='ocrx_word' id='word_1_168' title='bbox 691 2736 769 2801; x_wconf 89' lang='lat' dir='ltr'><strong>Non</strong></span> <span class='ocrx_word' id='word_1_169' title='bbox 794 2738 897 2821; x_wconf 85' lang='lat' dir='ltr'><strong>igitur</strong></span> <span class='ocrx_word' id='word_1_170' title='bbox 922 2739 1147 2803; x_wconf 88' lang='lat' dir='ltr'><strong>admirandum</strong></span> 
     </span>
     <span class='ocr_line' id='line_1_25' title="bbox 144 2827 1147 2921; baseline -0.001 -19"><span class='ocrx_word' id='word_1_171' title='bbox 144 2827 204 2913; x_wconf 89' lang='lat' dir='ltr'><strong>est,</strong></span> <span class='ocrx_word' id='word_1_172' title='bbox 222 2835 400 2921; x_wconf 84' lang='lat' dir='ltr'><strong>degeneres</strong></span> <span class='ocrx_word' id='word_1_173' title='bbox 411 2836 504 2912; x_wconf 90' lang='lat' dir='ltr'><strong>tales,</strong></span> <span class='ocrx_word' id='word_1_174' title='bbox 522 2835 596 2899; x_wconf 92' lang='lat' dir='ltr'><strong>Deo</strong></span> <span class='ocrx_word' id='word_1_175' title='bbox 612 2837 653 2899; x_wconf 92' lang='lat' dir='ltr'><strong>ob</strong></span> <span class='ocrx_word' id='word_1_176' title='bbox 668 2836 748 2899; x_wconf 87' lang='lat' dir='ltr'><strong>talia</strong></span> <span class='ocrx_word' id='word_1_177' title='bbox 762 2837 884 2900; x_wconf 89' lang='lat' dir='ltr'><strong>scelera</strong></span> <span class='ocrx_word' id='word_1_178' title='bbox 898 2837 1029 2913; x_wconf 75' lang='lat' dir='ltr'><strong>invisor,</strong></span> <span class='ocrx_word' id='word_1_179' title='bbox 1046 2840 1147 2921; x_wconf 90' lang='lat' dir='ltr'><strong>patri-</strong></span> 
     </span>
     <span class='ocr_line' id='line_1_26' title="bbox 143 2935 1145 3018; baseline 0.003 -19"><span class='ocrx_word' id='word_1_180' title='bbox 143 2958 196 3000; x_wconf 90' lang='lat' dir='ltr'><strong>am</strong></span> <span class='ocrx_word' id='word_1_181' title='bbox 210 2936 301 2998; x_wconf 89' lang='lat' dir='ltr'><strong>illam</strong></span> <span class='ocrx_word' id='word_1_182' title='bbox 315 2935 476 3010; x_wconf 85' lang='lat' dir='ltr'><strong>amittere,</strong></span> <span class='ocrx_word' id='word_1_183' title='bbox 499 2956 597 3018; x_wconf 90' lang='lat' dir='ltr'><strong>quam</strong></span> <span class='ocrx_word' id='word_1_184' title='bbox 611 2935 764 3018; x_wconf 86' lang='lat' dir='ltr'><strong>praedicto</strong></span> <span class='ocrx_word' id='word_1_185' title='bbox 784 2935 880 2998; x_wconf 88' lang='lat' dir='ltr'><strong>modo</strong></span> <span class='ocrx_word' id='word_1_186' title='bbox 895 2937 1145 3002; x_wconf 89' lang='lat' dir='ltr'><strong>maculaverant.</strong></span> 
     </span>
     <span class='ocr_line' id='line_1_27' title="bbox 144 3031 1147 3117; baseline 0.001 -18"><span class='ocrx_word' id='word_1_187' title='bbox 144 3034 286 3099; x_wconf 85' lang='lat' dir='ltr'><strong>Volebat</strong></span> <span class='ocrx_word' id='word_1_188' title='bbox 310 3033 430 3096; x_wconf 90' lang='lat' dir='ltr'><strong>etenim</strong></span> <span class='ocrx_word' id='word_1_189' title='bbox 449 3031 542 3096; x_wconf 91' lang='lat' dir='ltr'><strong>Deus</strong></span> <span class='ocrx_word' id='word_1_190' title='bbox 562 3031 737 3096; x_wconf 87' lang='lat' dir='ltr'><strong>vindictam</strong></span> <span class='ocrx_word' id='word_1_191' title='bbox 752 3055 793 3096; x_wconf 92' lang='lat' dir='ltr'><strong>ex</strong></span> <span class='ocrx_word' id='word_1_192' title='bbox 808 3033 886 3117; x_wconf 92' lang='lat' dir='ltr'><strong>ipsis</strong></span> <span class='ocrx_word' id='word_1_193' title='bbox 902 3054 1040 3111; x_wconf 89' lang='lat' dir='ltr'><strong>sumere,</strong></span> <span class='ocrx_word' id='word_1_194' title='bbox 1069 3037 1147 3100; x_wconf 89' lang='lat' dir='ltr'><strong>dum</strong></span> 
     </span>
     <span class='ocr_line' id='line_1_28' title="bbox 144 3132 1148 3218; baseline 0.001 -19"><span class='ocrx_word' id='word_1_195' title='bbox 144 3142 318 3199; x_wconf 89' lang='lat' dir='ltr'><strong>externum</strong></span> <span class='ocrx_word' id='word_1_196' title='bbox 347 3132 503 3216; x_wconf 90' lang='lat' dir='ltr'><strong>populum</strong></span> <span class='ocrx_word' id='word_1_197' title='bbox 532 3132 743 3216; x_wconf 90' lang='lat' dir='ltr'><strong>supervenire</strong></span> <span class='ocrx_word' id='word_1_198' title='bbox 767 3154 881 3216; x_wconf 90' lang='lat' dir='ltr'><strong>passus</strong></span> <span class='ocrx_word' id='word_1_199' title='bbox 911 3142 971 3210; x_wconf 89' lang='lat' dir='ltr'><strong>est,</strong></span> <span class='ocrx_word' id='word_1_200' title='bbox 1003 3135 1059 3218; x_wconf 91' lang='lat' dir='ltr'><strong>qui</strong></span> <span class='ocrx_word' id='word_1_201' title='bbox 1088 3157 1148 3200; x_wconf 91' lang='lat' dir='ltr'><strong>nos</strong></span> 
     </span>
     <span class='ocr_line' id='line_1_29' title="bbox 143 3231 1148 3319; baseline 0 -21"><span class='ocrx_word' id='word_1_202' title='bbox 143 3233 261 3319; x_wconf 86' lang='lat' dir='ltr'><strong>patriis</strong></span> <span class='ocrx_word' id='word_1_203' title='bbox 288 3232 375 3316; x_wconf 85' lang='lat' dir='ltr'><strong>agris</strong></span> <span class='ocrx_word' id='word_1_204' title='bbox 400 3231 643 3296; x_wconf 86' lang='lat' dir='ltr'><strong>exterminaret.</strong></span> <span class='ocrx_word' id='word_1_205' title='bbox 690 3231 837 3316; x_wconf 88' lang='lat' dir='ltr'><strong>Dignum</strong></span> <span class='ocrx_word' id='word_1_206' title='bbox 862 3242 972 3296; x_wconf 87' lang='lat' dir='ltr'><strong>tamen</strong></span> <span class='ocrx_word' id='word_1_207' title='bbox 995 3243 1092 3310; x_wconf 87' lang='lat' dir='ltr'><strong>esset,</strong></span> <span class='ocrx_word' id='word_1_208' title='bbox 1121 3236 1148 3298; x_wconf 90' lang='lat' dir='ltr'><strong>si</strong></span> 
     </span>
     <span class='ocr_line' id='line_1_30' title="bbox 146 3324 1149 3415; baseline 0.003 -18"><span class='ocrx_word' id='word_1_209' title='bbox 146 3332 241 3396; x_wconf 92' lang='lat' dir='ltr'><strong>Deus</strong></span> <span class='ocrx_word' id='word_1_210' title='bbox 267 3331 483 3415; x_wconf 90' lang='lat' dir='ltr'><strong>permitteret,</strong></span> <span class='ocrx_word' id='word_1_211' title='bbox 508 3331 593 3393; x_wconf 91' lang='lat' dir='ltr'><strong>cives</strong></span> <span class='ocrx_word' id='word_1_212' title='bbox 618 3330 765 3414; x_wconf 88' lang='lat' dir='ltr'><strong>pristinae</strong></span> <span class='ocrx_word' id='word_1_213' title='bbox 790 3324 946 3414; x_wconf 79' lang='lat' dir='ltr'><strong>¹dignitati</strong></span> <span class='ocrx_word' id='word_1_214' title='bbox 972 3334 1149 3400; x_wconf 88' lang='lat' dir='ltr'><strong>restiture:</strong></span> 
     </span>
     <span class='ocr_line' id='line_1_31' title="bbox 145 3429 1150 3516; baseline 0.002 -22"><span class='ocrx_word' id='word_1_215' title='bbox 145 3453 187 3495; x_wconf 93' lang='lat' dir='ltr'><strong>ne</strong></span> <span class='ocrx_word' id='word_1_216' title='bbox 213 3430 328 3516; x_wconf 88' lang='lat' dir='ltr'><strong>generi</strong></span> <span class='ocrx_word' id='word_1_217' title='bbox 353 3437 466 3492; x_wconf 88' lang='lat' dir='ltr'><strong>nostro</strong></span> <span class='ocrx_word' id='word_1_218' title='bbox 493 3429 703 3512; x_wconf 90' lang='lat' dir='ltr'><strong>opprobrium</strong></span> <span class='ocrx_word' id='word_1_219' title='bbox 730 3429 783 3504; x_wconf 88' lang='lat' dir='ltr'><strong>sit,</strong></span> <span class='ocrx_word' id='word_1_220' title='bbox 810 3450 869 3493; x_wconf 93' lang='lat' dir='ltr'><strong>nos</strong></span> <span class='ocrx_word' id='word_1_221' title='bbox 901 3429 1021 3494; x_wconf 90' lang='lat' dir='ltr'><strong>debiles</strong></span> <span class='ocrx_word' id='word_1_222' title='bbox 1047 3432 1150 3496; x_wconf 85' lang='lat' dir='ltr'><strong>fuisse</strong></span> 
     </span>
     <span class='ocr_line' id='line_1_32' title="bbox 146 3527 1148 3611; baseline 0.001 -18"><span class='ocrx_word' id='word_1_223' title='bbox 146 3539 302 3603; x_wconf 90' lang='lat' dir='ltr'><strong>rectores,</strong></span> <span class='ocrx_word' id='word_1_224' title='bbox 325 3527 381 3611; x_wconf 91' lang='lat' dir='ltr'><strong>qui</strong></span> <span class='ocrx_word' id='word_1_225' title='bbox 395 3536 542 3610; x_wconf 89' lang='lat' dir='ltr'><strong>tempore</strong></span> <span class='ocrx_word' id='word_1_226' title='bbox 556 3535 670 3590; x_wconf 91' lang='lat' dir='ltr'><strong>nostro</strong></span> <span class='ocrx_word' id='word_1_227' title='bbox 689 3527 724 3590; x_wconf 92' lang='lat' dir='ltr'><strong>in</strong></span> <span class='ocrx_word' id='word_1_228' title='bbox 738 3527 773 3590; x_wconf 90' lang='lat' dir='ltr'><strong>id</strong></span> <span class='ocrx_word' id='word_1_229' title='bbox 792 3549 857 3590; x_wconf 91' lang='lat' dir='ltr'><strong>non</strong></span> <span class='ocrx_word' id='word_1_230' title='bbox 873 3528 1148 3594; x_wconf 80' lang='lat' dir='ltr'><strong>desudaverimus</strong></span> 
     </span>
     <span class='ocr_line' id='line_1_33' title="bbox 149 3625 1151 3691; baseline -0.001 0"><span class='ocrx_word' id='word_1_231' title='bbox 149 3627 242 3691; x_wconf 90' lang='lat' dir='ltr'><strong>Idem</strong></span> <span class='ocrx_word' id='word_1_232' title='bbox 258 3626 378 3690; x_wconf 92' lang='lat' dir='ltr'><strong>etenim</strong></span> <span class='ocrx_word' id='word_1_233' title='bbox 398 3625 492 3688; x_wconf 91' lang='lat' dir='ltr'><strong>nobis</strong></span> <span class='ocrx_word' id='word_1_234' title='bbox 518 3633 633 3689; x_wconf 89' lang='lat' dir='ltr'><strong>atavus</strong></span> <span class='ocrx_word' id='word_1_235' title='bbox 659 3625 741 3688; x_wconf 84' lang='lat' dir='ltr'><strong>fuit:</strong></span> <span class='ocrx_word' id='word_1_236' title='bbox 765 3626 852 3690; x_wconf 91' lang='lat' dir='ltr'><strong>unde</strong></span> <span class='ocrx_word' id='word_1_237' title='bbox 875 3626 1031 3689; x_wconf 89' lang='lat' dir='ltr'><strong>auxilium</strong></span> <span class='ocrx_word' id='word_1_238' title='bbox 1056 3636 1151 3690; x_wconf 90' lang='lat' dir='ltr'><strong>tuum</strong></span> 
     </span>
     <span class='ocr_line' id='line_1_34' title="bbox 149 3721 1151 3808; baseline -0.002 -18"><span class='ocrx_word' id='word_1_239' title='bbox 149 3726 295 3790; x_wconf 88' lang='lat' dir='ltr'><strong>securius</strong></span> <span class='ocrx_word' id='word_1_240' title='bbox 331 3723 468 3806; x_wconf 92' lang='lat' dir='ltr'><strong>postulo.</strong></span> <span class='ocrx_word' id='word_1_241' title='bbox 515 3721 631 3808; x_wconf 88' lang='lat' dir='ltr'><strong>Malgo</strong></span> <span class='ocrx_word' id='word_1_242' title='bbox 668 3745 807 3807; x_wconf 91' lang='lat' dir='ltr'><strong>namque</strong></span> <span class='ocrx_word' id='word_1_243' title='bbox 842 3745 986 3788; x_wconf 89' lang='lat' dir='ltr'><strong>summus</strong></span> <span class='ocrx_word' id='word_1_244' title='bbox 1012 3725 1067 3788; x_wconf 87' lang='lat' dir='ltr'><strong>ille</strong></span> <span class='ocrx_word' id='word_1_245' title='bbox 1091 3747 1151 3788; x_wconf 87' lang='lat' dir='ltr'><strong>rex</strong></span> 
     </span>
     <span class='ocr_line' id='line_1_35' title="bbox 150 3819 1152 3908; baseline -0.001 -19"><span class='ocrx_word' id='word_1_246' title='bbox 150 3823 340 3898; x_wconf 72' lang='lat' dir='ltr'><strong>Britannia,</strong></span> <span class='ocrx_word' id='word_1_247' title='bbox 357 3822 414 3906; x_wconf 91' lang='lat' dir='ltr'><strong>qui</strong></span> <span class='ocrx_word' id='word_1_248' title='bbox 428 3829 503 3906; x_wconf 92' lang='lat' dir='ltr'><strong>post</strong></span> <span class='ocrx_word' id='word_1_249' title='bbox 518 3819 673 3885; x_wconf 90' lang='lat' dir='ltr'><strong>Arturum</strong></span> <span class='ocrx_word' id='word_1_250' title='bbox 689 3831 826 3904; x_wconf 89' lang='lat' dir='ltr'><strong>quartus</strong></span> <span class='ocrx_word' id='word_1_251' title='bbox 848 3831 1052 3908; x_wconf 85' lang='lat' dir='ltr'><strong>regnaverat,</strong></span> <span class='ocrx_word' id='word_1_252' title='bbox 1070 3823 1152 3888; x_wconf 91' lang='lat' dir='ltr'><strong>duos</strong></span> 
     </span>
     <span class='ocr_line' id='line_1_36' title="bbox 149 3918 1152 4012; baseline -0.003 -22"><span class='ocrx_word' id='word_1_253' title='bbox 149 3925 263 4012; x_wconf 91' lang='lat' dir='ltr'><strong>genuit</strong></span> <span class='ocrx_word' id='word_1_254' title='bbox 278 3923 373 3997; x_wconf 87' lang='lat' dir='ltr'><strong>filios,</strong></span> <span class='ocrx_word' id='word_1_255' title='bbox 393 3941 531 4004; x_wconf 92' lang='lat' dir='ltr'><strong>quorum</strong></span> <span class='ocrx_word' id='word_1_256' title='bbox 550 3941 635 3983; x_wconf 91' lang='lat' dir='ltr'><strong>unus</strong></span> <span class='ocrx_word' id='word_1_257' title='bbox 663 3918 843 3997; x_wconf 87' lang='lat' dir='ltr'><strong>Ennianus,</strong></span> <span class='ocrx_word' id='word_1_258' title='bbox 859 3922 942 3985; x_wconf 91' lang='lat' dir='ltr'><strong>alter</strong></span> <span class='ocrx_word' id='word_1_259' title='bbox 953 3943 1031 3986; x_wconf 90' lang='lat' dir='ltr'><strong>vero</strong></span> <span class='ocrx_word' id='word_1_260' title='bbox 1052 3921 1152 3987; x_wconf 88' lang='lat' dir='ltr'><strong>Runo</strong></span> 
     </span>
     <span class='ocr_line' id='line_1_37' title="bbox 149 4018 1152 4103; baseline -0.005 -14"><span class='ocrx_word' id='word_1_261' title='bbox 149 4023 338 4088; x_wconf 88' lang='lat' dir='ltr'><strong>vocabatur.</strong></span> <span class='ocrx_word' id='word_1_262' title='bbox 385 4019 554 4083; x_wconf 89' lang='lat' dir='ltr'><strong>Ennianus</strong></span> <span class='ocrx_word' id='word_1_263' title='bbox 574 4027 684 4082; x_wconf 90' lang='lat' dir='ltr'><strong>autem</strong></span> <span class='ocrx_word' id='word_1_264' title='bbox 703 4019 817 4103; x_wconf 91' lang='lat' dir='ltr'><strong>genuit</strong></span> <span class='ocrx_word' id='word_1_265' title='bbox 840 4018 956 4084; x_wconf 90' lang='lat' dir='ltr'><strong>Belin:</strong></span> <span class='ocrx_word' id='word_1_266' title='bbox 981 4019 1075 4084; x_wconf 89' lang='lat' dir='ltr'><strong>Belin</strong></span> <span class='ocrx_word' id='word_1_267' title='bbox 1100 4020 1152 4085; x_wconf 88' lang='lat' dir='ltr'><strong>Ia-</strong></span> 
     </span>
     <span class='ocr_line' id='line_1_38' title="bbox 151 4117 1150 4208; baseline -0.002 -22"><span class='ocrx_word' id='word_1_268' title='bbox 151 4143 290 4208; x_wconf 87' lang='lat' dir='ltr'><strong>genem:</strong></span> <span class='ocrx_word' id='word_1_269' title='bbox 314 4119 395 4203; x_wconf 84' lang='lat' dir='ltr'><strong>Iago</strong></span> <span class='ocrx_word' id='word_1_270' title='bbox 412 4117 604 4182; x_wconf 82' lang='lat' dir='ltr'><strong>Caduanum</strong></span> <span class='ocrx_word' id='word_1_271' title='bbox 613 4124 739 4200; x_wconf 88' lang='lat' dir='ltr'><strong>patrem</strong></span> <span class='ocrx_word' id='word_1_272' title='bbox 750 4138 869 4182; x_wconf 91' lang='lat' dir='ltr'><strong>meum.</strong></span> <span class='ocrx_word' id='word_1_273' title='bbox 916 4117 1015 4182; x_wconf 88' lang='lat' dir='ltr'><strong>Runo</strong></span> <span class='ocrx_word' id='word_1_274' title='bbox 1031 4128 1150 4197; x_wconf 89' lang='lat' dir='ltr'><strong>autem,</strong></span> 
     </span>
     <span class='ocr_line' id='line_1_39' title="bbox 153 4215 1153 4306; baseline -0.002 -22"><span class='ocrx_word' id='word_1_275' title='bbox 153 4222 208 4306; x_wconf 91' lang='lat' dir='ltr'><strong>qui</strong></span> <span class='ocrx_word' id='word_1_276' title='bbox 237 4226 313 4306; x_wconf 90' lang='lat' dir='ltr'><strong>post</strong></span> <span class='ocrx_word' id='word_1_277' title='bbox 343 4218 468 4283; x_wconf 90' lang='lat' dir='ltr'><strong>obitum</strong></span> <span class='ocrx_word' id='word_1_278' title='bbox 497 4215 610 4280; x_wconf 86' lang='lat' dir='ltr'><strong>fratris</strong></span> <span class='ocrx_word' id='word_1_279' title='bbox 641 4215 794 4300; x_wconf 91' lang='lat' dir='ltr'><strong>expulsus</strong></span> <span class='ocrx_word' id='word_1_280' title='bbox 825 4216 890 4282; x_wconf 87' lang='lat' dir='ltr'><strong>fuit</strong></span> <span class='ocrx_word' id='word_1_281' title='bbox 918 4217 1153 4301; x_wconf 89' lang='lat' dir='ltr'><strong>inquietatione</strong></span> 
     </span>
    </p>
   </div>
   <div class='ocr_carea' id='block_1_4' title="bbox 0 0 1462 4876">
    <p class='ocr_par' dir='ltr' id='par_1_4' title="bbox 0 0 1462 4876">
     <span class='ocr_line' id='line_1_40' title="bbox 0 0 1462 4876; baseline 0 0"><span class='ocrx_word' id='word_1_282' title='bbox 0 0 1462 4876; x_wconf 95' lang='lat' dir='ltr'><strong> </strong></span> 
     </span>
    </p>
   </div>
  </div>
 </body>
</html>
