<?xml version="1.0" encoding="UTF-8"?>
<!DOCTYPE html PUBLIC "-//W3C//DTD XHTML 1.0 Transitional//EN"
    "http://www.w3.org/TR/xhtml1/DTD/xhtml1-transitional.dtd">
<html xmlns="http://www.w3.org/1999/xhtml" xml:lang="en" lang="en">
 <head>
  <title>
</title>
<meta http-equiv="Content-Type" content="text/html;charset=utf-8" />
  <meta name='ocr-system' content='tesseract 3.04.00' />
  <meta name='ocr-capabilities' content='ocr_page ocr_carea ocr_par ocr_line ocrx_word'/>
</head>
<body>
  <div class='ocr_page' id='page_1' title='image "./galfredimonumet00virugoog_0294.png"; bbox 0 0 2872 4876; ppageno 0'>
   <div class='ocr_carea' id='block_1_1' title="bbox 305 353 988 424">
    <p class='ocr_par' dir='ltr' id='par_1_1' title="bbox 305 353 988 424">
     <span class='ocr_line' id='line_1_1' title="bbox 305 353 988 424; baseline -0.003 0"><span class='ocrx_word' id='word_1_1' title='bbox 305 353 350 424; x_wconf 78' lang='lat'>24</span> <span class='ocrx_word' id='word_1_2' title='bbox 626 368 778 424; x_wconf 83' lang='lat' dir='ltr'>ronrror</span> <span class='ocrx_word' id='word_1_3' title='bbox 809 369 988 424; x_wconf 75' lang='lat' dir='ltr'>urrunnu</span> 
     </span>
    </p>
   </div>
   <div class='ocr_carea' id='block_1_2' title="bbox 305 521 1365 3687">
    <p class='ocr_par' dir='ltr' id='par_1_2' title="bbox 305 521 1365 3687">
     <span class='ocr_line' id='line_1_2' title="bbox 305 521 1320 612; baseline -0.001 -13"><span class='ocrx_word' id='word_1_4' title='bbox 305 524 444 612; x_wconf 79' lang='lat' dir='ltr'>nubiae3</span> <span class='ocrx_word' id='word_1_5' title='bbox 465 530 541 597; x_wconf 89' lang='lat' dir='ltr'>tres</span> <span class='ocrx_word' id='word_1_6' title='bbox 563 547 701 610; x_wconf 81' lang='lat' dir='ltr'>qnoque</span> <span class='ocrx_word' id='word_1_7' title='bbox 722 545 823 610; x_wconf 87' lang='lat' dir='ltr'>reges</span> <span class='ocrx_word' id='word_1_8' title='bbox 845 522 989 612; x_wconf 83' lang='lat' dir='ltr'>subditi,</span> <span class='ocrx_word' id='word_1_9' title='bbox 1020 522 1197 612; x_wconf 83' lang='lat' dir='ltr'>videlicet,</span> <span class='ocrx_word' id='word_1_10' title='bbox 1230 521 1320 598; x_wconf 80' lang='lat' dir='ltr'>Ocr-</span> 
     </span>
     <span class='ocr_line' id='line_1_3' title="bbox 306 621 1319 711; baseline 0.002 -17"><span class='ocrx_word' id='word_1_11' title='bbox 306 623 408 696; x_wconf 91' lang='lat' dir='ltr'>dious</span> <span class='ocrx_word' id='word_1_12' title='bbox 445 623 620 711; x_wconf 80' lang='lat' dir='ltr'>Albania,</span> <span class='ocrx_word' id='word_1_13' title='bbox 656 629 695 696; x_wconf 92' lang='lat' dir='ltr'>et</span> <span class='ocrx_word' id='word_1_14' title='bbox 734 621 905 696; x_wconf 75' lang='lat' dir='ltr'>enatet</span> <span class='ocrx_word' id='word_1_15' title='bbox 946 622 1163 711; x_wconf 84' lang='lat' dir='ltr'>Venedotiae,</span> <span class='ocrx_word' id='word_1_16' title='bbox 1205 630 1319 710; x_wconf 83' lang='lat' dir='ltr'>atque</span> 
     </span>
     <span class='ocr_line' id='line_1_4' title="bbox 307 721 1320 811; baseline -0.001 -16"><span class='ocrx_word' id='word_1_17' title='bbox 307 721 518 796; x_wconf 90' lang='lat' dir='ltr'>Broohmael</span> <span class='ocrx_word' id='word_1_18' title='bbox 542 721 735 796; x_wconf 84' lang='lat' dir='ltr'>Demetiae:</span> <span class='ocrx_word' id='word_1_19' title='bbox 769 722 832 808; x_wconf 86' lang='lat' dir='ltr'>qui</span> <span class='ocrx_word' id='word_1_20' title='bbox 856 722 894 796; x_wconf 92' lang='lat' dir='ltr'>in</span> <span class='ocrx_word' id='word_1_21' title='bbox 921 747 1099 795; x_wconf 90' lang='lat' dir='ltr'>summum</span> <span class='ocrx_word' id='word_1_22' title='bbox 1130 722 1320 811; x_wconf 84' lang='lat' dir='ltr'>pugnandi</span> 
     </span>
     <span class='ocr_line' id='line_1_5' title="bbox 305 820 1320 910; baseline 0 -14"><span class='ocrx_word' id='word_1_23' title='bbox 305 820 520 896; x_wconf 88' lang='lat' dir='ltr'>desiderium</span> <span class='ocrx_word' id='word_1_24' title='bbox 542 828 677 896; x_wconf 88' lang='lat' dir='ltr'>ceteros</span> <span class='ocrx_word' id='word_1_25' title='bbox 699 821 889 910; x_wconf 85' lang='lat' dir='ltr'>duxenmt,</span> <span class='ocrx_word' id='word_1_26' title='bbox 922 828 960 894; x_wconf 89' lang='lat' dir='ltr'>ct</span> <span class='ocrx_word' id='word_1_27' title='bbox 988 823 1247 896; x_wconf 84' lang='lat' dir='ltr'>consuluerunt</span> <span class='ocrx_word' id='word_1_28' title='bbox 1272 829 1320 896; x_wconf 91' lang='lat' dir='ltr'>nt</span> 
     </span>
     <span class='ocr_line' id='line_1_6' title="bbox 305 918 1318 1010; baseline 0.001 -17"><span class='ocrx_word' id='word_1_29' title='bbox 305 927 466 993; x_wconf 87' lang='lat' dir='ltr'>recenter</span> <span class='ocrx_word' id='word_1_30' title='bbox 477 918 754 995; x_wconf 82' lang='lat' dir='ltr'>castraOaesaris</span> <span class='ocrx_word' id='word_1_31' title='bbox 765 920 915 1010; x_wconf 71' lang='lat' dir='ltr'>admont,</span> <span class='ocrx_word' id='word_1_32' title='bbox 923 920 1109 1009; x_wconf 83' lang='lat' dir='ltr'>ipsumque</span> <span class='ocrx_word' id='word_1_33' title='bbox 1118 928 1318 1008; x_wconf 85' lang='lat' dir='ltr'>antequam</span> 
     </span>
     <span class='ocr_line' id='line_1_7' title="bbox 306 1017 1316 1110; baseline 0.002 -18"><span class='ocrx_word' id='word_1_34' title='bbox 306 1017 489 1092; x_wconf 78' lang='lat' dir='ltr'>civitatem</span> <span class='ocrx_word' id='word_1_35' title='bbox 515 1019 672 1107; x_wconf 79' lang='lat' dir='ltr'>aliquam</span> <span class='ocrx_word' id='word_1_36' title='bbox 686 1020 744 1094; x_wconf 88' lang='lat' dir='ltr'>vel</span> <span class='ocrx_word' id='word_1_37' title='bbox 765 1021 933 1108; x_wconf 91' lang='lat' dir='ltr'>oppidum</span> <span class='ocrx_word' id='word_1_38' title='bbox 948 1021 1109 1110; x_wconf 85' lang='lat' dir='ltr'>cepisset,</span> <span class='ocrx_word' id='word_1_39' title='bbox 1132 1021 1316 1108; x_wconf 80' lang='lat' dir='ltr'>expellere</span> 
     </span>
     <span class='ocr_line' id='line_1_8' title="bbox 305 1117 1316 1207; baseline 0.001 -15"><span class='ocrx_word' id='word_1_40' title='bbox 305 1117 515 1193; x_wconf 76' lang='lat' dir='ltr'>insisterent</span> <span class='ocrx_word' id='word_1_41' title='bbox 530 1145 538 1191; x_wconf 92' lang='lat'><strong>:</strong></span> <span class='ocrx_word' id='word_1_42' title='bbox 560 1118 645 1207; x_wconf 82' lang='lat' dir='ltr'>quia</span> <span class='ocrx_word' id='word_1_43' title='bbox 660 1119 692 1192; x_wconf 90' lang='lat' dir='ltr'>si</span> <span class='ocrx_word' id='word_1_44' title='bbox 704 1143 781 1194; x_wconf 89' lang='lat' dir='ltr'>sese</span> <span class='ocrx_word' id='word_1_45' title='bbox 792 1119 890 1194; x_wconf 89' lang='lat' dir='ltr'>intra</span> <span class='ocrx_word' id='word_1_46' title='bbox 899 1120 1114 1194; x_wconf 89' lang='lat' dir='ltr'>mum&#39;tiones</span> <span class='ocrx_word' id='word_1_47' title='bbox 1128 1141 1215 1194; x_wconf 87' lang='lat' dir='ltr'>suas</span> <span class='ocrx_word' id='word_1_48' title='bbox 1227 1121 1316 1193; x_wconf 89' lang='lat' dir='ltr'>reci-</span> 
     </span>
     <span class='ocr_line' id='line_1_9' title="bbox 305 1217 1317 1309; baseline 0.002 -19"><span class='ocrx_word' id='word_1_49' title='bbox 305 1222 418 1306; x_wconf 90' lang='lat' dir='ltr'>peret,</span> <span class='ocrx_word' id='word_1_50' title='bbox 440 1223 527 1292; x_wconf 90' lang='lat' dir='ltr'>tunc</span> <span class='ocrx_word' id='word_1_51' title='bbox 552 1217 646 1291; x_wconf 85' lang='lat' dir='ltr'>foret</span> <span class='ocrx_word' id='word_1_52' title='bbox 669 1217 858 1294; x_wconf 88' lang='lat' dir='ltr'>difficilius.</span> <span class='ocrx_word' id='word_1_53' title='bbox 903 1218 981 1309; x_wconf 83' lang='lat' dir='ltr'>Quo</span> <span class='ocrx_word' id='word_1_54' title='bbox 1003 1217 1160 1308; x_wconf 86' lang='lat' dir='ltr'>laudato,</span> <span class='ocrx_word' id='word_1_55' title='bbox 1194 1219 1317 1295; x_wconf 88' lang='lat' dir='ltr'>cuncti</span> 
     </span>
     <span class='ocr_line' id='line_1_10' title="bbox 305 1315 1316 1405; baseline 0.003 -16"><span class='ocrx_word' id='word_1_56' title='bbox 305 1315 433 1390; x_wconf 86' lang='lat' dir='ltr'>littora</span> <span class='ocrx_word' id='word_1_57' title='bbox 446 1317 662 1405; x_wconf 84' lang='lat' dir='ltr'>petiverunt,</span> <span class='ocrx_word' id='word_1_58' title='bbox 683 1317 813 1404; x_wconf 87' lang='lat' dir='ltr'>quibus</span> <span class='ocrx_word' id='word_1_59' title='bbox 835 1317 861 1392; x_wconf 86' lang='lat' dir='ltr'><strong>J</strong></span> <span class='ocrx_word' id='word_1_60' title='bbox 864 1317 959 1392; x_wconf 88' lang='lat' dir='ltr'>nlius</span> <span class='ocrx_word' id='word_1_61' title='bbox 974 1323 1094 1393; x_wconf 88' lang='lat' dir='ltr'>castra</span> <span class='ocrx_word' id='word_1_62' title='bbox 1107 1324 1146 1392; x_wconf 93' lang='lat' dir='ltr'>et</span> <span class='ocrx_word' id='word_1_63' title='bbox 1155 1318 1316 1392; x_wconf 86' lang='lat' dir='ltr'>tentoria</span> 
     </span>
     <span class='ocr_line' id='line_1_11' title="bbox 306 1416 1315 1507; baseline 0.004 -19"><span class='ocrx_word' id='word_1_64' title='bbox 306 1423 479 1490; x_wconf 82' lang='lat' dir='ltr'>crexerat</span> <span class='ocrx_word' id='word_1_65' title='bbox 524 1416 584 1490; x_wconf 92' lang='lat' dir='ltr'>Ibi</span> <span class='ocrx_word' id='word_1_66' title='bbox 598 1416 782 1504; x_wconf 89' lang='lat' dir='ltr'>dispositis</span> <span class='ocrx_word' id='word_1_67' title='bbox 801 1418 839 1490; x_wconf 91' lang='lat' dir='ltr'>in</span> <span class='ocrx_word' id='word_1_68' title='bbox 858 1423 1011 1505; x_wconf 68' lang='lat' dir='ltr'>unaque</span> <span class='ocrx_word' id='word_1_69' title='bbox 1024 1425 1127 1504; x_wconf 89' lang='lat' dir='ltr'>parte</span> <span class='ocrx_word' id='word_1_70' title='bbox 1147 1419 1315 1507; x_wconf 78' lang='lat' dir='ltr'>catervis,</span> 
     </span>
     <span class='ocr_line' id='line_1_12' title="bbox 306 1514 1314 1606; baseline 0.003 -20"><span class='ocrx_word' id='word_1_71' title='bbox 306 1538 434 1588; x_wconf 87' lang='lat' dir='ltr'>manus</span> <span class='ocrx_word' id='word_1_72' title='bbox 448 1514 613 1590; x_wconf 77' lang='lat' dir='ltr'>hostibus</span> <span class='ocrx_word' id='word_1_73' title='bbox 627 1515 864 1606; x_wconf 83' lang='lat' dir='ltr'>immiserunt,</span> <span class='ocrx_word' id='word_1_74' title='bbox 875 1516 949 1603; x_wconf 89' lang='lat' dir='ltr'>pila</span> <span class='ocrx_word' id='word_1_75' title='bbox 959 1516 1053 1605; x_wconf 87' lang='lat' dir='ltr'>pilis,</span> <span class='ocrx_word' id='word_1_76' title='bbox 1069 1516 1164 1590; x_wconf 89' lang='lat' dir='ltr'>ictus</span> <span class='ocrx_word' id='word_1_77' title='bbox 1178 1517 1314 1591; x_wconf 84' lang='lat' dir='ltr'>ictibus</span> 
     </span>
     <span class='ocr_line' id='line_1_13' title="bbox 307 1612 1317 1705; baseline 0.004 -20"><span class='ocrx_word' id='word_1_78' title='bbox 307 1612 535 1704; x_wconf 60' lang='lat' dir='ltr'>objicientem</span> <span class='ocrx_word' id='word_1_79' title='bbox 555 1639 685 1705; x_wconf 86' lang='lat' dir='ltr'>magna</span> <span class='ocrx_word' id='word_1_80' title='bbox 709 1622 847 1705; x_wconf 87' lang='lat' dir='ltr'>strages</span> <span class='ocrx_word' id='word_1_81' title='bbox 871 1615 1033 1689; x_wconf 89' lang='lat' dir='ltr'>efficitur.</span> <span class='ocrx_word' id='word_1_82' title='bbox 1078 1616 1176 1690; x_wconf 91' lang='lat' dir='ltr'>Dum</span> <span class='ocrx_word' id='word_1_83' title='bbox 1201 1615 1317 1705; x_wconf 88' lang='lat' dir='ltr'>igitur</span> 
     </span>
     <span class='ocr_line' id='line_1_14' title="bbox 306 1712 1317 1804; baseline 0.004 -20"><span class='ocrx_word' id='word_1_84' title='bbox 306 1712 417 1786; x_wconf 88' lang='lat' dir='ltr'>tellus</span> <span class='ocrx_word' id='word_1_85' title='bbox 441 1715 563 1788; x_wconf 83' lang='lat' dir='ltr'>madet</span> <span class='ocrx_word' id='word_1_86' title='bbox 584 1715 767 1804; x_wconf 85' lang='lat' dir='ltr'>sanguine,</span> <span class='ocrx_word' id='word_1_87' title='bbox 789 1713 922 1788; x_wconf 90' lang='lat' dir='ltr'>obtulit</span> <span class='ocrx_word' id='word_1_88' title='bbox 941 1738 1046 1788; x_wconf 88' lang='lat' dir='ltr'>casus</span> <span class='ocrx_word' id='word_1_89' title='bbox 1069 1715 1257 1790; x_wconf 90' lang='lat' dir='ltr'>Nennium</span> <span class='ocrx_word' id='word_1_90' title='bbox 1278 1722 1317 1789; x_wconf 89' lang='lat' dir='ltr'>ct</span> 
     </span>
     <span class='ocr_line' id='line_1_15' title="bbox 308 1811 1316 1903; baseline 0.005 -20"><span class='ocrx_word' id='word_1_91' title='bbox 308 1811 538 1900; x_wconf 82' lang='lat' dir='ltr'>Androgeum</span> <span class='ocrx_word' id='word_1_92' title='bbox 554 1839 637 1887; x_wconf 92' lang='lat' dir='ltr'>cum</span> <span class='ocrx_word' id='word_1_93' title='bbox 652 1813 869 1903; x_wconf 82' lang='lat' dir='ltr'>Osntuan&#39;is,</span> <span class='ocrx_word' id='word_1_94' title='bbox 892 1820 930 1887; x_wconf 87' lang='lat' dir='ltr'>et</span> <span class='ocrx_word' id='word_1_95' title='bbox 953 1813 1089 1888; x_wconf 85' lang='lat' dir='ltr'>civibus</span> <span class='ocrx_word' id='word_1_96' title='bbox 1108 1815 1209 1888; x_wconf 87' lang='lat' dir='ltr'>urbis</span> <span class='ocrx_word' id='word_1_97' title='bbox 1236 1815 1316 1888; x_wconf 82' lang='lat' dir='ltr'>Tri·</span> 
     </span>
     <span class='ocr_line' id='line_1_16' title="bbox 306 1913 1315 2003; baseline 0.003 -20"><span class='ocrx_word' id='word_1_98' title='bbox 306 1918 511 2001; x_wconf 80' lang='lat' dir='ltr'>norantum,</span> <span class='ocrx_word' id='word_1_99' title='bbox 535 1913 664 2000; x_wconf 88' lang='lat' dir='ltr'>quibus</span> <span class='ocrx_word' id='word_1_100' title='bbox 687 1913 935 2003; x_wconf 82' lang='lat' dir='ltr'>prasidebant,</span> <span class='ocrx_word' id='word_1_101' title='bbox 961 1913 1094 2001; x_wconf 86' lang='lat' dir='ltr'>agmini</span> <span class='ocrx_word' id='word_1_102' title='bbox 1117 1938 1188 2000; x_wconf 90' lang='lat' dir='ltr'>qno</span> <span class='ocrx_word' id='word_1_103' title='bbox 1201 1913 1315 2003; x_wconf 84' lang='lat' dir='ltr'>impe-</span> 
     </span>
     <span class='ocr_line' id='line_1_17' title="bbox 306 2010 1314 2102; baseline 0.006 -21"><span class='ocrx_word' id='word_1_104' title='bbox 306 2014 407 2082; x_wconf 86' lang='lat' dir='ltr'>rator</span> <span class='ocrx_word' id='word_1_105' title='bbox 421 2010 556 2086; x_wconf 86' lang='lat' dir='ltr'>ederat·</span> <span class='ocrx_word' id='word_1_106' title='bbox 601 2012 657 2086; x_wconf 89' lang='lat' dir='ltr'>Ut</span> <span class='ocrx_word' id='word_1_107' title='bbox 670 2033 753 2102; x_wconf 90' lang='lat' dir='ltr'>ergo</span> <span class='ocrx_word' id='word_1_108' title='bbox 767 2019 1016 2100; x_wconf 86' lang='lat' dir='ltr'>convenenmt,</span> <span class='ocrx_word' id='word_1_109' title='bbox 1038 2036 1126 2099; x_wconf 89' lang='lat' dir='ltr'>pene</span> <span class='ocrx_word' id='word_1_110' title='bbox 1137 2013 1314 2102; x_wconf 86' lang='lat' dir='ltr'>dissipata</span> 
     </span>
     <span class='ocr_line' id='line_1_18' title="bbox 306 2107 1365 2200; baseline 0.006 -20"><span class='ocrx_word' id='word_1_111' title='bbox 306 2107 378 2184; x_wconf 88' lang='lat' dir='ltr'>fuit</span> <span class='ocrx_word' id='word_1_112' title='bbox 388 2108 618 2197; x_wconf 89' lang='lat' dir='ltr'>imperatoria</span> <span class='ocrx_word' id='word_1_113' title='bbox 632 2112 766 2200; x_wconf 88' lang='lat' dir='ltr'>cohors,</span> <span class='ocrx_word' id='word_1_114' title='bbox 782 2111 990 2184; x_wconf 88' lang='lat' dir='ltr'>Britonibns</span> <span class='ocrx_word' id='word_1_115' title='bbox 999 2111 1110 2185; x_wconf 87' lang='lat' dir='ltr'>densa</span> <span class='ocrx_word' id='word_1_116' title='bbox 1124 2112 1200 2185; x_wconf 89' lang='lat' dir='ltr'>acie</span> <span class='ocrx_word' id='word_1_117' title='bbox 1214 2112 1314 2186; x_wconf 77' lang='lat' dir='ltr'>iuva</span> <span class='ocrx_word' id='word_1_118' title='bbox 1362 2135 1365 2140; x_wconf 75' lang='grc'>’</span> 
     </span>
     <span class='ocr_line' id='line_1_19' title="bbox 307 2207 1317 2300; baseline 0.004 -19"><span class='ocrx_word' id='word_1_119' title='bbox 307 2207 486 2299; x_wconf 85' lang='lat' dir='ltr'>dentibus,</span> <span class='ocrx_word' id='word_1_120' title='bbox 503 2218 636 2285; x_wconf 84' lang='lat' dir='ltr'>etcum</span> <span class='ocrx_word' id='word_1_121' title='bbox 650 2211 787 2285; x_wconf 83' lang='lat' dir='ltr'>viritim</span> <span class='ocrx_word' id='word_1_122' title='bbox 805 2212 900 2284; x_wconf 89' lang='lat' dir='ltr'>ictus</span> <span class='ocrx_word' id='word_1_123' title='bbox 923 2210 1192 2300; x_wconf 86' lang='lat' dir='ltr'>ingeminarent,</span> <span class='ocrx_word' id='word_1_124' title='bbox 1216 2211 1317 2285; x_wconf 85' lang='lat' dir='ltr'>dedit</span> 
     </span>
     <span class='ocr_line' id='line_1_20' title="bbox 309 2309 1314 2399; baseline 0.003 -19"><span class='ocrx_word' id='word_1_125' title='bbox 309 2331 413 2382; x_wconf 85' lang='lat' dir='ltr'>casus</span> <span class='ocrx_word' id='word_1_126' title='bbox 423 2309 560 2383; x_wconf 89' lang='lat' dir='ltr'>aditum</span> <span class='ocrx_word' id='word_1_127' title='bbox 572 2310 713 2384; x_wconf 88' lang='lat' dir='ltr'>Nennio</span> <span class='ocrx_word' id='word_1_128' title='bbox 722 2333 948 2399; x_wconf 84' lang='lat' dir='ltr'>congressum</span> <span class='ocrx_word' id='word_1_129' title='bbox 958 2311 1069 2384; x_wconf 85' lang='lat' dir='ltr'>cumJ</span> <span class='ocrx_word' id='word_1_130' title='bbox 1072 2310 1314 2385; x_wconf 82' lang='lat' dir='ltr'>uliofacicndi.</span> 
     </span>
     <span class='ocr_line' id='line_1_21' title="bbox 309 2404 1317 2499; baseline 0.006 -21"><span class='ocrx_word' id='word_1_131' title='bbox 309 2404 459 2482; x_wconf 89' lang='lat' dir='ltr'>Irrucns</span> <span class='ocrx_word' id='word_1_132' title='bbox 473 2409 585 2498; x_wconf 87' lang='lat' dir='ltr'>igitur</span> <span class='ocrx_word' id='word_1_133' title='bbox 596 2409 761 2483; x_wconf 87' lang='lat' dir='ltr'>Nennins</span> <span class='ocrx_word' id='word_1_134' title='bbox 770 2410 808 2482; x_wconf 92' lang='lat' dir='ltr'>in</span> <span class='ocrx_word' id='word_1_135' title='bbox 822 2410 935 2499; x_wconf 92' lang='lat' dir='ltr'>illum,</span> <span class='ocrx_word' id='word_1_136' title='bbox 951 2409 1050 2483; x_wconf 88' lang='lat' dir='ltr'>ultra</span> <span class='ocrx_word' id='word_1_137' title='bbox 1059 2410 1204 2484; x_wconf 92' lang='lat' dir='ltr'>modum</span> <span class='ocrx_word' id='word_1_138' title='bbox 1215 2412 1317 2484; x_wconf 73' lang='lat' dir='ltr'>lata</span> 
     </span>
     <span class='ocr_line' id='line_1_22' title="bbox 308 2508 1315 2598; baseline 0.004 -20"><span class='ocrx_word' id='word_1_139' title='bbox 308 2509 372 2580; x_wconf 87' lang='lat' dir='ltr'>tur</span> <span class='ocrx_word' id='word_1_140' title='bbox 396 2531 433 2582; x_wconf 90' lang='lat' dir='ltr'>se</span> <span class='ocrx_word' id='word_1_141' title='bbox 457 2533 560 2594; x_wconf 90' lang='lat' dir='ltr'>posse</span> <span class='ocrx_word' id='word_1_142' title='bbox 585 2508 643 2582; x_wconf 85' lang='lat' dir='ltr'>vel</span> <span class='ocrx_word' id='word_1_143' title='bbox 662 2509 778 2583; x_wconf 89' lang='lat' dir='ltr'>solum</span> <span class='ocrx_word' id='word_1_144' title='bbox 795 2509 872 2582; x_wconf 85' lang='lat' dir='ltr'>viro</span> <span class='ocrx_word' id='word_1_145' title='bbox 895 2516 999 2583; x_wconf 90' lang='lat' dir='ltr'>tanto</span> <span class='ocrx_word' id='word_1_146' title='bbox 1016 2509 1129 2583; x_wconf 91' lang='lat' dir='ltr'>ictum</span> <span class='ocrx_word' id='word_1_147' title='bbox 1143 2511 1315 2598; x_wconf 81' lang='lat' dir='ltr'>ingerere.</span> 
     </span>
     <span class='ocr_line' id='line_1_23' title="bbox 311 2603 1315 2702; baseline 0.008 -24"><span class='ocrx_word' id='word_1_148' title='bbox 311 2603 425 2694; x_wconf 84' lang='lat' dir='ltr'>Quem</span> <span class='ocrx_word' id='word_1_149' title='bbox 450 2607 569 2696; x_wconf 79' lang='lat' dir='ltr'>Cesar,</span> <span class='ocrx_word' id='word_1_150' title='bbox 592 2615 635 2680; x_wconf 90' lang='lat' dir='ltr'>ut</span> <span class='ocrx_word' id='word_1_151' title='bbox 659 2608 833 2696; x_wconf 89' lang='lat' dir='ltr'>impetum</span> <span class='ocrx_word' id='word_1_152' title='bbox 857 2607 895 2682; x_wconf 89' lang='lat' dir='ltr'>in</span> <span class='ocrx_word' id='word_1_153' title='bbox 920 2632 958 2682; x_wconf 88' lang='lat' dir='ltr'>se</span> <span class='ocrx_word' id='word_1_154' title='bbox 986 2608 1175 2683; x_wconf 86' lang='lat' dir='ltr'>facientem</span> <span class='ocrx_word' id='word_1_155' title='bbox 1205 2612 1315 2702; x_wconf 81' lang='lat' dir='ltr'>videt,</span> 
     </span>
     <span class='ocr_line' id='line_1_24' title="bbox 309 2706 1319 2795; baseline 0.008 -17"><span class='ocrx_word' id='word_1_156' title='bbox 309 2713 487 2794; x_wconf 84' lang='lat' dir='ltr'>praetenso</span> <span class='ocrx_word' id='word_1_157' title='bbox 510 2707 633 2794; x_wconf 89' lang='lat' dir='ltr'>clypeo</span> <span class='ocrx_word' id='word_1_158' title='bbox 648 2706 797 2794; x_wconf 77' lang='lat' dir='ltr'>excepit,</span> <span class='ocrx_word' id='word_1_159' title='bbox 807 2715 845 2779; x_wconf 90' lang='lat' dir='ltr'>et</span> <span class='ocrx_word' id='word_1_160' title='bbox 854 2713 1027 2793; x_wconf 89' lang='lat' dir='ltr'>quantum</span> <span class='ocrx_word' id='word_1_161' title='bbox 1037 2706 1132 2781; x_wconf 81' lang='lat' dir='ltr'>vires</span> <span class='ocrx_word' id='word_1_162' title='bbox 1146 2712 1319 2795; x_wconf 89' lang='lat' dir='ltr'>permise-</span> 
     </span>
     <span class='ocr_line' id='line_1_25' title="bbox 308 2805 1317 2898; baseline 0.007 -20"><span class='ocrx_word' id='word_1_163' title='bbox 308 2811 407 2895; x_wconf 80' lang='lat' dir='ltr'>rrmt,</span> <span class='ocrx_word' id='word_1_164' title='bbox 422 2831 502 2882; x_wconf 90' lang='lat' dir='ltr'>cum</span> <span class='ocrx_word' id='word_1_165' title='bbox 522 2806 658 2880; x_wconf 86' lang='lat' dir='ltr'>nudato</span> <span class='ocrx_word' id='word_1_166' title='bbox 681 2830 765 2880; x_wconf 86' lang='lat' dir='ltr'>cnse</span> <span class='ocrx_word' id='word_1_167' title='bbox 778 2805 898 2894; x_wconf 88' lang='lat' dir='ltr'>ipsum</span> <span class='ocrx_word' id='word_1_168' title='bbox 916 2828 1024 2892; x_wconf 87' lang='lat' dir='ltr'>super</span> <span class='ocrx_word' id='word_1_169' title='bbox 1046 2807 1221 2882; x_wconf 80' lang='lat' dir='ltr'>cassidem</span> <span class='ocrx_word' id='word_1_170' title='bbox 1235 2835 1317 2898; x_wconf 88' lang='lat' dir='ltr'>per-</span> 
     </span>
     <span class='ocr_line' id='line_1_26' title="bbox 309 2903 1317 2994; baseline 0.005 -14"><span class='ocrx_word' id='word_1_171' title='bbox 309 2905 433 2980; x_wconf 87' lang='lat' dir='ltr'>cussit.</span> <span class='ocrx_word' id='word_1_172' title='bbox 476 2905 607 2980; x_wconf 83' lang='lat' dir='ltr'>Erecto</span> <span class='ocrx_word' id='word_1_173' title='bbox 617 2905 750 2979; x_wconf 78' lang='lat' dir='ltr'>iterum</span> <span class='ocrx_word' id='word_1_174' title='bbox 761 2903 886 2993; x_wconf 86' lang='lat' dir='ltr'>gladio,</span> <span class='ocrx_word' id='word_1_175' title='bbox 897 2904 1012 2977; x_wconf 84' lang='lat' dir='ltr'>voluit</span> <span class='ocrx_word' id='word_1_176' title='bbox 1022 2905 1149 2993; x_wconf 85' lang='lat' dir='ltr'>exequi</span> <span class='ocrx_word' id='word_1_177' title='bbox 1157 2909 1317 2994; x_wconf 90' lang='lat' dir='ltr'>primum</span> 
     </span>
     <span class='ocr_line' id='line_1_27' title="bbox 308 3002 1318 3096; baseline 0.007 -18"><span class='ocrx_word' id='word_1_178' title='bbox 308 3003 441 3090; x_wconf 89' lang='lat' dir='ltr'>ictum:</span> <span class='ocrx_word' id='word_1_179' title='bbox 474 3005 536 3077; x_wconf 91' lang='lat' dir='ltr'>sed</span> <span class='ocrx_word' id='word_1_180' title='bbox 565 3030 645 3078; x_wconf 89' lang='lat' dir='ltr'>cnm</span> <span class='ocrx_word' id='word_1_181' title='bbox 676 3003 840 3079; x_wconf 86' lang='lat' dir='ltr'>Nennius</span> <span class='ocrx_word' id='word_1_182' title='bbox 869 3002 1061 3094; x_wconf 78' lang='lat' dir='ltr'>calluisset,</span> <span class='ocrx_word' id='word_1_183' title='bbox 1098 3005 1318 3096; x_wconf 85' lang='lat' dir='ltr'>interposuit</span> 
     </span>
     <span class='ocr_line' id='line_1_28' title="bbox 309 3101 1315 3194; baseline 0.007 -18"><span class='ocrx_word' id='word_1_184' title='bbox 309 3102 472 3189; x_wconf 87' lang='lat' dir='ltr'>clypeum</span> <span class='ocrx_word' id='word_1_185' title='bbox 488 3126 603 3192; x_wconf 91' lang='lat' dir='ltr'>suum,</span> <span class='ocrx_word' id='word_1_186' title='bbox 618 3103 663 3194; x_wconf 75' lang='lat' dir='ltr'>‚in</span> <span class='ocrx_word' id='word_1_187' title='bbox 686 3127 757 3189; x_wconf 84' lang='lat' dir='ltr'>quo</span> <span class='ocrx_word' id='word_1_188' title='bbox 776 3126 898 3176; x_wconf 90' lang='lat' dir='ltr'>mucro</span> <span class='ocrx_word' id='word_1_189' title='bbox 913 3101 939 3176; x_wconf 86' lang='lat' dir='ltr'><strong>J</strong></span> <span class='ocrx_word' id='word_1_190' title='bbox 941 3101 1017 3190; x_wconf 89' lang='lat' dir='ltr'>ulii,</span> <span class='ocrx_word' id='word_1_191' title='bbox 1040 3110 1122 3178; x_wconf 87' lang='lat' dir='ltr'>ante</span> <span class='ocrx_word' id='word_1_192' title='bbox 1138 3108 1315 3183; x_wconf 85' lang='lat' dir='ltr'>cassidem</span> 
     </span>
     <span class='ocr_line' id='line_1_29' title="bbox 308 3200 1316 3292; baseline 0.006 -16"><span class='ocrx_word' id='word_1_193' title='bbox 308 3200 475 3276; x_wconf 86' lang='lat' dir='ltr'>maximis</span> <span class='ocrx_word' id='word_1_194' title='bbox 498 3201 622 3276; x_wconf 87' lang='lat' dir='ltr'>labens</span> <span class='ocrx_word' id='word_1_195' title='bbox 647 3202 794 3290; x_wconf 80' lang='lat' dir='ltr'>viribus,</span> <span class='ocrx_word' id='word_1_196' title='bbox 816 3201 968 3290; x_wconf 83' lang='lat' dir='ltr'>inhasit,</span> <span class='ocrx_word' id='word_1_197' title='bbox 991 3201 1045 3275; x_wconf 88' lang='lat' dir='ltr'>ita</span> <span class='ocrx_word' id='word_1_198' title='bbox 1059 3211 1112 3292; x_wconf 90' lang='lat' dir='ltr'>ut,</span> <span class='ocrx_word' id='word_1_199' title='bbox 1134 3230 1216 3279; x_wconf 89' lang='lat' dir='ltr'>oum</span> <span class='ocrx_word' id='word_1_200' title='bbox 1235 3215 1316 3282; x_wconf 92' lang='lat' dir='ltr'>tur·</span> 
     </span>
     <span class='ocr_line' id='line_1_30' title="bbox 306 3300 1315 3396; baseline 0.008 -22"><span class='ocrx_word' id='word_1_201' title='bbox 306 3300 376 3374; x_wconf 90' lang='lat' dir='ltr'>mis</span> <span class='ocrx_word' id='word_1_202' title='bbox 390 3300 609 3374; x_wconf 85' lang='lat' dir='ltr'>irruentibus</span> <span class='ocrx_word' id='word_1_203' title='bbox 635 3301 770 3375; x_wconf 91' lang='lat' dir='ltr'>diutius</span> <span class='ocrx_word' id='word_1_204' title='bbox 790 3300 954 3396; x_wconf 74' lang='lat' dir='ltr'>congredi</span> <span class='ocrx_word' id='word_1_205' title='bbox 973 3301 1172 3393; x_wconf 85' lang='lat' dir='ltr'>nequirent,</span> <span class='ocrx_word' id='word_1_206' title='bbox 1194 3305 1315 3394; x_wconf 90' lang='lat' dir='ltr'>ipsum</span> 
     </span>
     <span class='ocr_line' id='line_1_31' title="bbox 308 3398 1314 3496; baseline 0.008 -22"><span class='ocrx_word' id='word_1_207' title='bbox 308 3400 512 3487; x_wconf 82' lang='lat' dir='ltr'>Imperator</span> <span class='ocrx_word' id='word_1_208' title='bbox 533 3401 721 3475; x_wconf 78' lang='lat' dir='ltr'>extrahere</span> <span class='ocrx_word' id='word_1_209' title='bbox 735 3425 806 3474; x_wconf 91' lang='lat' dir='ltr'>non</span> <span class='ocrx_word' id='word_1_210' title='bbox 826 3398 994 3488; x_wconf 86' lang='lat' dir='ltr'>potuerit.</span> <span class='ocrx_word' id='word_1_211' title='bbox 1039 3399 1077 3472; x_wconf 90' lang='lat' dir='ltr'>N</span> <span class='ocrx_word' id='word_1_212' title='bbox 1078 3403 1204 3477; x_wconf 91' lang='lat' dir='ltr'>ennius</span> <span class='ocrx_word' id='word_1_213' title='bbox 1229 3431 1314 3496; x_wconf 90' lang='lat' dir='ltr'>ergo</span> 
     </span>
     <span class='ocr_line' id='line_1_32' title="bbox 306 3498 1314 3593; baseline 0.008 -21"><span class='ocrx_word' id='word_1_214' title='bbox 306 3498 464 3589; x_wconf 83' lang='lat' dir='ltr'>gladium</span> <span class='ocrx_word' id='word_1_215' title='bbox 491 3498 643 3572; x_wconf 83' lang='lat' dir='ltr'>Gesseris</span> <span class='ocrx_word' id='word_1_216' title='bbox 667 3498 836 3587; x_wconf 76' lang='lat' dir='ltr'>predicto</span> <span class='ocrx_word' id='word_1_217' title='bbox 857 3499 961 3572; x_wconf 91' lang='lat' dir='ltr'>modo</span> <span class='ocrx_word' id='word_1_218' title='bbox 990 3499 1150 3591; x_wconf 86' lang='lat' dir='ltr'>adeptus,</span> <span class='ocrx_word' id='word_1_219' title='bbox 1180 3505 1314 3593; x_wconf 86' lang='lat' dir='ltr'>abjecit</span> 
     </span>
     <span class='ocr_line' id='line_1_33' title="bbox 307 3599 1312 3687; baseline 0.006 -15"><span class='ocrx_word' id='word_1_220' title='bbox 307 3622 413 3672; x_wconf 90' lang='lat' dir='ltr'>suum</span> <span class='ocrx_word' id='word_1_221' title='bbox 434 3623 539 3684; x_wconf 86' lang='lat' dir='ltr'>quem</span> <span class='ocrx_word' id='word_1_222' title='bbox 560 3599 705 3687; x_wconf 81' lang='lat' dir='ltr'>tulerat,</span> <span class='ocrx_word' id='word_1_223' title='bbox 728 3605 766 3672; x_wconf 90' lang='lat' dir='ltr'>ct</span> <span class='ocrx_word' id='word_1_224' title='bbox 780 3599 960 3672; x_wconf 87' lang='lat' dir='ltr'>abstracto</span> <span class='ocrx_word' id='word_1_225' title='bbox 986 3599 1100 3672; x_wconf 88' lang='lat' dir='ltr'>altero</span> <span class='ocrx_word' id='word_1_226' title='bbox 1124 3601 1162 3674; x_wconf 93' lang='lat' dir='ltr'>in</span> <span class='ocrx_word' id='word_1_227' title='bbox 1188 3602 1312 3678; x_wconf 88' lang='lat' dir='ltr'>hostes</span> 
     </span>
    </p>
   </div>
   <div class='ocr_carea' id='block_1_3' title="bbox 304 3696 1312 4090">
    <p class='ocr_par' dir='ltr' id='par_1_3' title="bbox 304 3696 1312 4090">
     <span class='ocr_line' id='line_1_34' title="bbox 305 3696 1312 3792; baseline 0.006 -22"><span class='ocrx_word' id='word_1_228' title='bbox 305 3696 441 3770; x_wconf 86' lang='lat' dir='ltr'>irruere</span> <span class='ocrx_word' id='word_1_229' title='bbox 465 3697 639 3787; x_wconf 64' lang='lat' dir='ltr'>festinat3⁴</span> <span class='ocrx_word' id='word_1_230' title='bbox 659 3722 833 3785; x_wconf 84' lang='lat' dir='ltr'>quemque</span> <span class='ocrx_word' id='word_1_231' title='bbox 861 3723 941 3772; x_wconf 89' lang='lat' dir='ltr'>cum</span> <span class='ocrx_word' id='word_1_232' title='bbox 970 3696 1048 3783; x_wconf 88' lang='lat' dir='ltr'>ipso</span> <span class='ocrx_word' id='word_1_233' title='bbox 1076 3701 1312 3792; x_wconf 83' lang='lat' dir='ltr'>percutiebat,</span> 
     </span>
     <span class='ocr_line' id='line_1_35' title="bbox 305 3796 1311 3887; baseline 0.007 -18"><span class='ocrx_word' id='word_1_234' title='bbox 305 3797 363 3869; x_wconf 82' lang='lat' dir='ltr'>vel</span> <span class='ocrx_word' id='word_1_235' title='bbox 378 3797 411 3868; x_wconf 90' lang='lat' dir='ltr'>ci</span> <span class='ocrx_word' id='word_1_236' title='bbox 426 3804 533 3884; x_wconf 88' lang='lat' dir='ltr'>caput</span> <span class='ocrx_word' id='word_1_237' title='bbox 548 3800 769 3886; x_wconf 88' lang='lat' dir='ltr'>amputabat,</span> <span class='ocrx_word' id='word_1_238' title='bbox 778 3798 835 3870; x_wconf 79' lang='lat' dir='ltr'>vel</span> <span class='ocrx_word' id='word_1_239' title='bbox 846 3796 964 3884; x_wconf 90' lang='lat' dir='ltr'>ipsum</span> <span class='ocrx_word' id='word_1_240' title='bbox 976 3797 1135 3871; x_wconf 89' lang='lat' dir='ltr'>saucium</span> <span class='ocrx_word' id='word_1_241' title='bbox 1150 3803 1311 3887; x_wconf 86' lang='lat' dir='ltr'>praeteri-</span> 
     </span>
     <span class='ocr_line' id='line_1_36' title="bbox 304 3895 1310 3984; baseline 0.008 -16"><span class='ocrx_word' id='word_1_242' title='bbox 304 3897 379 3984; x_wconf 90' lang='lat' dir='ltr'>bet,</span> <span class='ocrx_word' id='word_1_243' title='bbox 395 3895 449 3969; x_wconf 91' lang='lat' dir='ltr'>ita</span> <span class='ocrx_word' id='word_1_244' title='bbox 463 3897 623 3971; x_wconf 86' lang='lat' dir='ltr'>utnulla</span> <span class='ocrx_word' id='word_1_245' title='bbox 642 3921 723 3983; x_wconf 84' lang='lat' dir='ltr'>spes</span> <span class='ocrx_word' id='word_1_246' title='bbox 744 3897 783 3973; x_wconf 87' lang='lat' dir='ltr'>in</span> <span class='ocrx_word' id='word_1_247' title='bbox 806 3921 846 3970; x_wconf 91' lang='lat' dir='ltr'>eo</span> <span class='ocrx_word' id='word_1_248' title='bbox 869 3902 1031 3970; x_wconf 91' lang='lat' dir='ltr'>maneret</span> <span class='ocrx_word' id='word_1_249' title='bbox 1048 3897 1199 3972; x_wconf 83' lang='lat' dir='ltr'>vivendi.</span> <span class='ocrx_word' id='word_1_250' title='bbox 1245 3901 1310 3976; x_wconf 93' lang='lat' dir='ltr'>Illi</span> 
     </span>
     <span class='ocr_line' id='line_1_37' title="bbox 304 3994 1307 4090; baseline 0.009 -23"><span class='ocrx_word' id='word_1_251' title='bbox 304 3994 449 4070; x_wconf 87' lang='lat' dir='ltr'>tandem</span> <span class='ocrx_word' id='word_1_252' title='bbox 472 3994 523 4070; x_wconf 91' lang='lat' dir='ltr'>sic</span> <span class='ocrx_word' id='word_1_253' title='bbox 552 3995 712 4072; x_wconf 74' lang='lat' dir='ltr'>sapienti</span> <span class='ocrx_word' id='word_1_254' title='bbox 736 3995 894 4074; x_wconf 66' lang='lat' dir='ltr'>obdunt</span> <span class='ocrx_word' id='word_1_255' title='bbox 916 3994 1095 4071; x_wconf 88' lang='lat' dir='ltr'>Labienus</span> <span class='ocrx_word' id='word_1_256' title='bbox 1116 3997 1307 4090; x_wconf 82' lang='lat' dir='ltr'>Tribunus,</span> 
     </span>
    </p>
   </div>
   <div class='ocr_carea' id='block_1_4' title="bbox 0 0 1440 4876">
    <p class='ocr_par' dir='ltr' id='par_1_4' title="bbox 0 0 1440 4876">
     <span class='ocr_line' id='line_1_38' title="bbox 0 0 1440 4876; baseline 0 2"><span class='ocrx_word' id='word_1_257' title='bbox 0 0 1440 4876; x_wconf 95' lang='lat' dir='ltr'> </span> 
     </span>
    </p>
   </div>
  </div>
 </body>
</html>
