2872 4876
326 379 372 450 48
654 398 805 453 neurim
836 398 1017 464 vlnunun
1096 447 1099 450 ,

324 549 413 626 duce
429 549 594 624 Imbnldo
609 550 756 626 obviant
767 549 946 628 Maximo:
960 551 1023 626 sed
1037 551 1210 646 fugentur
1221 551 1333 628 Fran·

325 650 368 738 ci,
398 650 565 737 quoniam
595 650 782 726 Imbuldus
811 650 1038 740 interficitur,
1068 659 1106 725 et
1132 653 1333 739 quindecim
1433 655 1434 686 ³

324 749 425 824 milia
438 757 687 838 pugnatorum,
703 749 764 836 qui
777 775 825 822 ox
838 749 1052 840 omniregno
1063 751 1151 824 illuc
1165 777 1335 827 convene·

322 855 416 922 rant
465 848 622 922 Exultat
645 849 840 938 Maximus,
860 873 1008 936 sperans
1028 850 1157 923 leviter
1176 852 1334 938 patriam
1433 891 1434 906 2

324 948 526 1036 subjugare,
542 973 806 1034 convocansque
828 947 1013 1022 Coranum
1031 957 1135 1024 extra
1155 951 1263 1039 acies,
1283 951 1335 1024 ait

323 1046 463 1134 ridens;
486 1046 633 1135 Enjam
657 1047 858 1122 Galliarum
873 1047 1031 1134 cepimus
1047 1074 1156 1138 spem,
1180 1050 1228 1122 ad
1242 1051 1334 1123 ulte-
1412 1101 1414 1105 .

322 1144 419 1218 riora
430 1145 650 1235 festinemus,
661 1154 852 1234 antequam
871 1155 1055 1220 armentur
1072 1148 1234 1223 universi
1249 1149 1334 1223 Gal-

322 1243 453 1318 liarum
468 1245 600 1332 populi,
616 1245 700 1332 quia
715 1270 863 1334 regnum
879 1246 978 1318 istud
993 1247 1183 1337 capiemus,
1200 1273 1269 1322 nec
1283 1249 1335 1336 pi·

321 1343 477 1430 geattibi
487 1368 636 1432 regnum
648 1345 1157 1436 Britannicummibicessisse,
1163 1348 1333 1436 quoniam

321 1441 390 1514 tibi
404 1441 471 1516 hoo
486 1467 633 1530 regnum
647 1445 739 1533 erit3
760 1444 855 1532 quod
874 1445 1033 1532 expulsis
1049 1445 1238 1536 indigenis,
1254 1448 1334 1520 Bri-

321 1541 466 1614 tonibus
482 1543 615 1616 nostris
631 1544 848 1631 expleamus.

337 1828 346 1837 ἡ
392 1824 415 1837 ⁷-
527 1826 533 1829 v
607 1762 763 1816 ursanus
772 1741 907 1830 gratias
915 1743 991 1834 egit
998 1772 1009 1834 ;
1022 1743 1151 1820 exinde
1164 1769 1334 1818 convoca-

331 1842 356 1943 ξ
392 1860 427 1885 *
445 1922 468 1951 -..
550 1944 557 1970 ι
606 1841 655 1914 tis
672 1841 782 1930 copiis
807 1841 996 1916 Redonum
1005 1849 1193 1932 petuntet
1209 1844 1333 1918 eodem

369 2096 373 2099 γ
430 2130 432 2133 ¹
605 2039 1164 2128 enimGallianditaerudelitste
1175 2041 1333 2116 Maximi

431 2196 483 2235 ,Μ
523 2149 571 2195 2²⁷*
606 2138 751 2226 fugiunt
761 2137 929 2230 mulieres
945 2163 1025 2210 cum
1037 2138 1333 2212 infantibus:vix

362 2254 364 2263 ⁴
537 2238 575 2299 «2²³
606 2240 701 2314 enim
721 2237 933 2312 mulieribus
953 2241 1158 2328 parcebant,
1182 2240 1247 2313 sed
1261 2265 1332 2314 uon

319 2338 518 2414 infantibus
533 2365 598 2414 nec
614 2339 767 2414 senibus.
798 2337 951 2426 Fugatis
966 2336 1087 2424 itaque
1104 2339 1331 2440 omnimodis

319 2439 449 2529 Gallis,
487 2439 697 2514 Britonibus
733 2436 911 2512 militibus
948 2436 1128 2526 regionem
1165 2437 1332 2524 implevit

187 2604 191 2610 .
320 2537 514 2612 Maximus.
560 2537 674 2612 Nulla
702 2561 784 2624 spes
809 2543 890 2611 erat
915 2535 996 2609 aliis
1021 2533 1330 2624 longinquioribus

319 2635 1331 2727 principibus,nisitributumsolverevellentvelregnum

315 2737 441 2811 dedere
457 2744 495 2810 et
505 2762 575 2810 non
587 2743 774 2823 expectare
783 2735 934 2808 hostem.
980 2734 1164 2808 Maximus
1178 2760 1326 2823 eognos-

314 2861 398 2910 cens
415 2860 452 2910 se
467 2836 597 2910 terrori
607 2837 686 2924 jam
697 2859 786 2922 esse,
797 2836 970 2922 majorem
980 2834 1169 2922 praesumit
1182 2834 1329 2908 audaci-

319 2960 389 3023 am,
406 2961 447 3009 ac
473 2936 669 3010 exercitum
688 2934 846 3022 profusis
859 2933 961 3006 donis
976 2932 1142 3020 devincit,
1155 2933 1329 3006 hortatur

317 3058 396 3107 esse
411 3041 634 3122 prestantes,
656 3033 750 3106 mide
770 3041 911 3106 tantam
941 3039 1160 3105 armatorum
1184 3031 1330 3120 collegit

315 3132 583 3208 multitudinem
598 3140 769 3219 quantam
788 3133 833 3205 ad
848 3131 1085 3220 superandam
1105 3138 1222 3204 totam
1240 3131 1328 3204 Gal-

313 3231 400 3304 liam
421 3231 489 3304 sibi
503 3231 684 3306 videretur
700 3233 868 3304 sufficere.
915 3231 1071 3306 Distulit
1085 3238 1207 3304 tamen
1221 3229 1324 3302 saevi-

314 3331 406 3406 tiam
423 3331 710 3418 snampaulisper
716 3331 868 3404 ulterius
880 3329 1051 3417 infligere,
1063 3329 1326 3418 donecregnum

317 3431 411 3518 quod
425 3438 568 3519 ceperat
586 3430 772 3518 implesset
787 3427 1005 3502 Britannicis
1020 3429 1216 3500 militibus:
1241 3428 1327 3502 fecit

316 3530 411 3604 enim
422 3531 588 3618 edictum,
604 3537 647 3602 ut
662 3536 804 3604 centum
815 3527 917 3600 milia
931 3535 1170 3616 pugnatorum
1181 3527 1328 3614 ‘plebeo-

316 3653 397 3700 rum
420 3628 458 3702 in
491 3629 681 3704 Britannia
703 3628 822 3703 insula
852 3627 1105 3714 colligerentur
1139 3626 1201 3714 qui
1230 3627 1326 3700 facto

315 3727 462 3800 navium
476 3753 603 3817 magno
628 3735 803 3817 apparatu
813 3727 868 3815 lad
889 3751 970 3798 eum
981 3751 1129 3814 propere
1149 3727 1325 3816 venirent,

318 3826 499 3902 Praeterea
513 3827 664 3916 triginta
674 3827 775 3900 milia
785 3826 943 3898 militum
957 3825 1142 3898 mandavit
1156 3826 1246 3914 fieri,
1264 3827 1326 3914 qui

310 3924 1326 4013 tuerenturpopulosBritanniarum,illicvigilauterman·

315 4025 403 4114 suri
425 4050 484 4110 eos
499 4026 611 4114 igitur
625 4051 689 4113 per
710 4025 895 4099 universas
911 4024 1091 4098 Armoriei
1105 4024 1207 4116 regni
1232 4025 1327 4098 nati-
