2872 4876
325 411 479 469 nrurnu.
504 415 694 470 ursrorurn
716 418 798 476 nm,
813 417 849 468 ν.
1077 399 1121 470 45

6 615 7 650 3
117 574 237 642 autem
263 567 468 642 Trahemus
490 569 641 645 navibus
664 569 739 644 suis
754 569 984 659 retrogradus
998 570 1037 644 in
1057 571 1125 645 Al·

116 667 527 755 baniamprofeotusest
571 669 745 744 Octavius
757 670 980 758 insequitur3
994 671 1126 758 inpro-

5 827 6 832 ,
116 767 446 854 vinoiaautemquae
459 768 1125 859 Westmarlandiavoeataestpraeliu

116 874 198 954 tur;
223 867 285 940 sed
308 866 455 956 fugatur
470 867 660 942 Octavius:
686 868 892 942 Trahemns
911 868 1124 957 insequitur,

115 991 180 1040 neo
194 991 352 1053 unquam
367 967 512 1041 desistit
525 968 636 1042 donee
650 992 799 1057 regnum
810 968 972 1055 eriperet
1018 966 1126 1042 Octo

5 1129 7 1140 s
115 1066 195 1138 vius
214 1065 334 1140 tristis
355 1066 571 1155 Norvegiam
589 1067 729 1156 petivit,
749 1074 792 1140 ut
811 1066 986 1140 auxilium
1002 1091 1024 1138 a
1043 1090 1125 1154 rege

117 1164 1124 1254 Gumbertoaoquirereteumintereaediotofamiliaribus

5 1275 7 1320 ³
117 1265 192 1338 suis
207 1264 424 1353 mandasset,
439 1272 492 1353 ut,
504 1266 535 1338 si
546 1273 702 1354 possent,
714 1265 938 1338 Trahernum
947 1264 1125 1338 interfice-

4 1371 5 1376 ’
115 1371 207 1437 rent.
253 1362 380 1438 Comes
392 1387 475 1452 ergo
487 1363 606 1451 oppidi
620 1365 806 1452 municipii
821 1367 1028 1451 obsequens,
1039 1362 1124 1436 dum

117 1464 324 1537 Trahernus
339 1488 385 1535 ex
400 1465 488 1536 urbe
509 1463 774 1538 Londouiarum
790 1462 943 1551 quadam
959 1462 1015 1536 die
1030 1486 1128 1534 reee-

116 1563 228 1651 deret,
252 1562 397 1635 delituit
424 1587 505 1635 eum
532 1570 676 1636 eentum
702 1563 880 1636 militibus
907 1562 945 1635 in
971 1561 1125 1648 quadam

116 1662 275 1736 convalle
301 1661 465 1749 nemoris,
491 1687 562 1748 qua
585 1662 647 1735 ille
672 1663 894 1736 transitmus
914 1668 1003 1749 erat,
1017 1668 1124 1748 atquo

3 1827 6 1866 ξ
116 1763 301 1850 inopinum
317 1761 517 1834 obtruncat.
563 1761 734 1836 Octavius
750 1762 908 1850 audiens,
924 1761 963 1833 in
979 1759 1125 1834 Britan-

115 1862 213 1935 niam
235 1885 420 1949 reversus3
443 1860 625 1936 Romanos
641 1862 842 1950 dissipavit,
864 1885 973 1950 regno
987 1859 1125 1946 potitus

115 1969 182 2050 est,
198 1968 237 2034 et
261 1958 415 2033 felioiter
436 1961 600 2048 regnavit
618 1985 731 2048 usque
751 1961 798 2034 ad
813 1960 1030 2036 Gratianum
1047 1961 1125 2032 Au-

116 2068 274 2150 gustum.
320 2059 420 2132 Huio
434 2085 515 2133 oum
531 2059 608 2133 sola
622 2059 698 2132 filia
712 2059 839 2132 relicta
860 2067 974 2132 esset:
998 2058 1062 2130 alii
1083 2066 1126 2132 ut

3 2169 4 2172 ’
115 2185 240 2248 paoem
254 2159 429 2232 haberent
443 2184 525 2232 eum
541 2159 725 2247 Romanis,
735 2159 868 2246 jubent
881 2182 961 2231 eam
976 2181 1125 2232 uxerem

117 2259 196 2332 dari
224 2258 331 2332 alieni
356 2266 561 2332 senatorum
580 2259 725 2348 Romae3
746 2257 808 2332 alii
826 2256 915 2345 erigi
937 2256 974 2329 in
996 2255 1125 2332 solium

116 2357 217 2446 regni
243 2356 428 2431 Consum
453 2357 697 2433 Meriadooum
719 2355 861 2432 Octavii
877 2363 1043 2443 nepotem
1065 2379 1126 2430 vo·

135 2700 225 2739 2,
251 2693 254 2698 -
316 2702 374 2737 a,
400 2664 492 2718 num
513 2644 653 2718 interea
668 2641 870 2719 Garadoous
892 2603 1126 2713 Duerrnu-

144 2740 190 2807 ῖς
214 2746 221 2749 ’
308 2739 381 2877 7
401 2743 741 2857 biaeeonsiliumoue
751 2740 912 2854 deditut
922 2738 1125 2851 Maximum

329 2864 346 2948 j
403 2839 1124 2927 senatoremmvrtarent,filiamqueereum

321 2962 337 2985 ¹
401 2966 510 3030 regno
525 2941 699 3015 donarent
725 2947 763 3014 et
787 2938 838 3012 sio
851 2943 1025 3025 perpetua
1039 2957 1125 3021 paee

236 3052 298 3124 ἐξ
369 3001 617 3116 (fruerentur.
662 3040 755 3112 Erat
782 3043 903 3112 eutem
922 3041 1026 3123 patre
1045 3031 1127 3128 Bri-

255 3140 313 3189 ᾒ
345 3136 391 3206 ὦ
401 3149 546 3228 tamnus,
570 3138 737 3226 quoniam
748 3135 917 3210 Leolinus
928 3131 1125 3208 avunculus

86 3267 97 3282 ·
118 3244 358 3333 Constantini,
374 3243 417 3316 de
433 3265 502 3327 quo
518 3235 809 3324 supradiximus,
832 3259 915 3306 eum
931 3236 1124 3320 genuerat:

117 3352 234 3420 matre
256 3369 339 3419 vero
354 3350 392 3418 et
406 3340 550 3415 natione
566 3336 763 3421 Romanus,
784 3339 937 3417 utraque
952 3337 1055 3417 perte
1071 3354 1127 3401 re-

118 3445 209 3534 galis
238 3444 314 3516 vir:
351 3465 475 3531 paoem
505 3437 556 3510 sio
584 3436 762 3523 putebant
797 3430 898 3504 reddi
928 3427 1124 3501 Britannis.

118 3545 211 3619 Cum
227 3544 278 3618 sio
292 3540 530 3616 consuluisset
544 3536 619 3608 dux
631 3530 830 3618 Gornubiae,
845 3527 1052 3614 indignatus
1068 3533 1126 3600 est

2 3691 3 3696 =
119 3643 286 3718 Coranus
306 3665 414 3729 nepos
443 3636 548 3726 regis,
572 3633 632 3722 qui
656 3655 805 3720 regnum
831 3628 1042 3713 affectabam
1065 3623 1128 3712 qui

115 3743 254 3818 euriam
263 3729 812 3829 totempropterteliaturbavit.
858 3729 913 3800 At
925 3723 1126 3799 Caradoous

117 3841 281 3930 incoeptis
312 3839 386 3914 suis
416 3837 588 3911 desistere
617 3831 751 3918 nolens,
782 3827 883 3900 misit
909 3823 1126 3898 Mauricium

119 3943 235 4015 filiurn
252 3964 357 4014 snum
368 3938 532 4021 Romam,
548 3939 591 4006 ut
601 3956 643 4004 ea
653 3929 816 4002 Maximo
826 3924 1009 4000 indiceret.
1032 3921 1127 3995 Erat

118 4042 196 4132 ipse
220 4038 418 4116 Mauritius
442 4035 573 4125 pulorae
598 4037 757 4118 staturae,
780 4047 985 4118 magnaeque
1008 4020 1129 4109 probi-
