2848 4888
293 469 352 528 158
622 491 734 532 usura
749 491 991 532 uoauunransm

291 633 464 711 utriusque
492 634 654 697 exercitus
677 635 712 696 in
740 634 859 716 majori
884 641 978 717 parte
1007 632 1214 717 periclitatus
1238 641 1303 697 est.

290 728 440 795 Victoria
453 741 565 796 tamen
578 733 704 817 potitus
724 733 881 808 Armi-ns,
899 733 1092 818 Oolgrinum
1115 733 1305 818 fugientem

289 828 455 894 insecutus
475 841 547 896 est:
570 833 821 918 ingressumque
842 833 931 896 intra
946 831 1134 896 Eboracum
1157 832 1301 897 obsedit.

289 927 418 992 Audita
444 930 559 1013 itaque
581 931 698 996 fratris
725 932 774 994 fui
799 931 881 1016 fuga
905 930 1122 1014 Baldnlphus,
1143 953 1222 994 cum
1244 953 1305 996 sex

289 1027 421 1091 nifibus
436 1029 583 1094 virorum
597 1030 799 1094 chudionem
814 1030 940 1114 petivit,
955 1041 994 1092 nt
1008 1030 1116 1113 ipsum
1136 1030 1303 1094 inclusum
1409 1075 1412 1084 .

289 1126 454 1191 liberaret.
511 1127 596 1191 Erat
609 1136 721 1192 autem
735 1137 814 1191 tunc
836 1129 915 1213 ipse,
939 1126 1070 1210 quando
1096 1127 1203 1191 frater
1218 1150 1302 1213 pug-

289 1235 437 1302 naverat,
467 1237 641 1310 expectans
671 1228 849 1292 adventum
885 1225 1050 1290 Cheldrici
1082 1225 1175 1290 ducis
1201 1227 1302 1310 juxta

289 1326 463 1402 maritima,
486 1329 540 1410 qui
562 1327 610 1390 eis
632 1348 673 1390 cx
700 1326 878 1390 Germania
899 1324 933 1387 in
955 1325 1115 1390 auxilium
1140 1335 1301 1390 venturus

289 1432 372 1488 erat
418 1425 504 1488 Cum
526 1426 639 1508 itaque
653 1433 741 1488 esset
765 1425 872 1508 spatio
888 1423 999 1486 decem
1019 1424 1238 1489 miliariorum
1258 1427 1300 1490 ab

289 1523 382 1597 urbe,
413 1525 530 1587 statuit
558 1531 756 1586 nocturnum
785 1524 850 1587 iter
878 1522 1035 1604 arripere,
1065 1534 1104 1588 nt
1141 1523 1301 1590 furtivam

288 1619 504 1704 irruptionem
529 1621 663 1685 faceret.
716 1621 817 1699 Quod
846 1621 981 1685 edoctus
1010 1618 1169 1696 Arturus,
1197 1621 1300 1704 jussit

290 1717 454 1783 Gadorem
470 1720 585 1784 ducem
601 1718 788 1794 Oomubiae,
805 1741 879 1784 cum
902 1718 1064 1782 sexcentis
1080 1718 1250 1802 equitibus
1265 1728 1299 1783 et

288 1816 396 1881 tribus
411 1818 542 1881 milibus
556 1818 705 1902 peditum
719 1817 833 1881 eadem
855 1825 952 1880 nocte
974 1817 1021 1879 illi
1036 1816 1180 1881 obviare.
1229 1815 1298 1896 Qui
1416 1875 1418 1892 ,

287 1916 375 1980 viam
390 1937 457 2001 qua
469 1917 581 1980 hostes
595 1917 809 2000 preteribant
819 1925 945 1990 nactus,
956 1915 1125 1998 inopinum
1136 1916 1297 2000 impetum

286 2015 385 2081 fecit:
408 2016 658 2099 dilaceratisque
672 2025 773 2099 atque
787 2015 970 2079 interfectis
983 2014 1170 2078 Saxonibus
1183 2015 1297 2101 fugam

287 2115 397 2180 facere
411 2115 528 2200 coegit.
584 2114 653 2192 Qui
678 2116 768 2178 ultra
790 2113 924 2178 modum
949 2113 1078 2189 auxius,
1095 2115 1185 2196 quod
1199 2114 1297 2178 fratri

288 2235 348 2279 suo
363 2214 521 2279 auxilium
537 2214 729 2277 subvectare
751 2212 925 2297 nequiret:
948 2212 1143 2276 deliberavit
1156 2213 1247 2296 apud
1261 2234 1296 2277 se

287 2315 428 2397 qualiter
443 2312 602 2396 colloquio
613 2313 717 2395 ipsius
738 2312 918 2376 frueretur.
966 2311 1186 2377 Existimabat
1209 2312 1295 2376 enim

286 2413 414 2478 aditum
428 2412 543 2476 salutis
555 2419 771 2494 utrorumque
786 2412 921 2475 consilio
936 2411 1114 2475 machinari
1123 2427 1244 2496 posse:
1266 2412 1294 2475 si

285 2512 374 2577 illius
388 2511 596 2596 presentiam
618 2510 709 2574 adire
731 2511 899 2592 quivisset.
948 2509 1034 2572 Cum
1056 2531 1137 2594 ergo
1160 2511 1294 2576 alterius

285 2611 375 2675 modi
398 2610 524 2673 aditum
549 2629 616 2671 non
638 2608 795 2672 haberet:
818 2608 901 2671 rasit
915 2607 1047 2690 capillos
1063 2628 1140 2670 suos
1163 2616 1197 2672 et
1219 2609 1293 2672 bar-

285 2710 372 2784 bam,
382 2708 571 2791 cultumque
581 2707 775 2790 joculatoris
786 2728 861 2769 cum
872 2705 1007 2790 cythara
1018 2706 1113 2788 cepit.
1162 2705 1292 2772 Deinde

285 2808 375 2872 intra
388 2815 496 2871 castra
511 2805 731 2880 deambulans,
748 2804 889 2868 modulis
905 2825 987 2887 quos
1008 2803 1041 2866 in
1067 2804 1138 2888 lyra
1164 2826 1292 2890 compo-

284 2909 394 2982 nebat,
410 2926 482 2970 sese
496 2904 707 2989 cytharistam
722 2903 906 2966 exhibebat.
959 2901 1109 2986 Cumque
1124 2903 1207 2966 nulli
1222 2925 1291 2968 sus-

285 3015 399 3091 pectus
414 3013 511 3079 esset,
523 3004 659 3068 accessit
679 3003 722 3066 ad
745 3003 864 3066 moenia
884 3002 976 3065 urbis
991 3001 1149 3085 paulatim
1165 3013 1291 3087 ceptam

285 3104 523 3171 simulationem
537 3102 671 3168 faciens.
723 3100 896 3165 Postremo
911 3120 986 3162 oum
1001 3099 1041 3163 ab
1056 3101 1191 3165 inclusis
1207 3125 1290 3167 com-

285 3214 399 3290 pertus
422 3212 519 3278 esset,
534 3212 661 3267 tractus
687 3210 739 3265 est
761 3198 916 3263 funiculis
940 3199 1028 3261 intra
1051 3221 1175 3277 muros,
1193 3211 1227 3266 et
1250 3203 1292 3266 ad

283 3305 422 3369 fratrem
436 3301 626 3365 conductus.
679 3299 731 3363 Ex
746 3307 825 3362 tunc
847 3298 918 3362 viso
933 3318 1099 3382 germano,
1115 3301 1235 3363 osculis
1258 3309 1290 3364 et

284 3402 486 3489 amplexibus
502 3401 694 3465 desideratis
710 3419 781 3462 sese
795 3397 921 3462 refecit.
968 3395 1121 3479 Denique
1136 3409 1290 3485 cumpost

284 3500 492 3567 multimodas
505 3499 765 3572 deliberationes,
777 3497 811 3558 in
827 3495 1088 3579 desperationem
1103 3497 1291 3580 egrediendi

283 3602 484 3674 incidissent,
507 3598 696 3662 remeabant
717 3596 787 3678 jam
809 3594 910 3679 legati
939 3615 979 3656 ex
1012 3592 1201 3669 Germania,
1234 3595 1289 3679 qui

285 3703 366 3768 duce
382 3697 554 3764 Cheldrico
570 3704 739 3760 sexcentas
753 3714 853 3757 naves
868 3692 972 3755 milite
986 3693 1065 3755 forti
1081 3701 1233 3757 oneratas
1255 3694 1289 3756 in

283 3801 457 3869 Albaniam
473 3796 705 3861 conduxerant.
753 3790 829 3871 Quo
841 3792 963 3866 audito,
976 3791 1203 3856 dissuaserunt
1214 3813 1288 3855 con-

284 3900 398 3969 siliarii
413 3897 464 3962 sui
479 3895 605 3960 Arturo
622 3893 822 3958 obsidionem
832 3889 956 3954 diutius
967 3897 1092 3964 tenere,
1101 3911 1144 3952 ne
1155 3891 1183 3954 si
1195 3898 1288 3954 tanta

282 3997 458 4064 multitudo
486 3994 631 4059 hostium
668 3990 918 4077 supervenisset,
950 3988 1085 4052 dubium
1122 3997 1287 4054 certamen

283 4097 535 4164 committerent.
