2862 4870
417 472 573 517 ulsronlm
588 473 662 518 REG.
677 474 759 518 BRI'l'.
771 475 836 550 lulli.
852 477 874 519 1.

244 703 259 784 q
281 702 311 764 6.
333 719 512 764 resumens
534 720 643 764 nnunu
665 721 863 764 sruaarmnu
884 722 1058 767 orrucssr.

187 872 197 921 2
245 855 343 907 ,ξ’
447 831 610 898 RUTUS
638 855 717 918 verq
744 835 869 918 potitus
892 837 1039 912 victoria,
1064 839 1155 922 oppi-

446 932 524 996 dum
540 934 702 998 sexcentis
716 933 875 998 militibus
886 935 1027 999 munivit
1040 959 1048 1000 :
1071 937 1154 1020 peti-

445 1031 559 1115 vitque
581 1053 752 1096 uemorum
773 1031 905 1097 abdita:
929 1033 986 1098 ubi
1009 1032 1154 1118 Trojaua

183 1128 203 1159 ⁴
443 1130 535 1212 plebs
550 1130 738 1213 presidium
752 1129 840 1194 illius
855 1131 1058 1214 expectabat.
1105 1129 1153 1197 At

177 1282 195 1317 ,μ’
211 1286 263 1314 ÷-;
445 1226 635 1292 Pandrasns
665 1229 707 1292 ob
730 1227 845 1313 fugam
861 1249 955 1292 suam
970 1228 1151 1314 fratrisque

173 1322 194 1355 '¹
216 1332 217 1337 ’
309 1326 344 1353 ³
443 1326 626 1410 captionem
651 1325 826 1391 anxiatus:
854 1335 951 1391 nocte
970 1327 1026 1390 illa
1049 1348 1151 1412 popu-

145 1420 212 1483 lum
228 1422 390 1507 dilapsum
413 1425 575 1488 resociare
596 1424 733 1490 vacavit.
780 1422 826 1488 Et
852 1445 926 1488 cnm
946 1433 1079 1508 postera
1093 1426 1151 1490 lux

144 1519 306 1597 rediisset,
323 1522 473 1587 obsidere
495 1523 651 1607 oppidum
672 1543 748 1586 cum
762 1523 924 1586 resociato
938 1524 1059 1608 populo
1074 1545 1149 1608 pro-

143 1641 277 1704 gressus
304 1629 364 1686 est.
419 1621 656 1688 Arbitrabatur
685 1621 773 1685 euim
803 1620 947 1685 Brutum
977 1643 1013 1686 se
1042 1622 1149 1688 immi-

142 1719 224 1782 sisse
249 1719 339 1784 intra
363 1720 472 1805 ipsum
497 1742 572 1785 cum
601 1720 770 1806 Antigono
800 1721 983 1804 ceterisque
1012 1723 1149 1807 captivis

141 1838 224 1900 qnos
239 1827 381 1902 ceperat.
428 1818 477 1883 Ut
498 1840 578 1905 ergo
602 1819 645 1884 ad
668 1819 787 1882 muenia
806 1818 952 1895 accessit,
979 1821 1149 1904 explorato

139 1916 263 1980 castelli
293 1916 371 1992 situ,
403 1917 572 1981 distribuit
600 1917 781 1982 exercitum
807 1937 904 1980 suum
925 1938 986 2001 per
1000 1926 1146 1986 turmas:

141 2015 344 2102 diversisque
358 2016 438 2081 locis
463 2017 498 2079 in
519 2016 658 2080 circuitu
679 2015 809 2079 locavit.
855 2013 981 2079 Indixit
995 2017 1095 2082 etiam
1110 2027 1148 2083 ut

140 2117 195 2180 alii
218 2137 389 2202 egressum
422 2116 556 2180 inclusis
583 2116 795 2202 abnegarent,
819 2115 876 2180 alii
901 2136 1017 2181 cursus
1040 2117 1147 2182 flumi-

139 2236 217 2278 num
240 2223 438 2291 averterent,
459 2215 515 2278 alii
544 2215 666 2278 crebris
689 2213 847 2279 arietibus
874 2214 1057 2299 ceterisque
1077 2235 1146 2280 ma-

138 2315 240 2379 chinis
269 2336 440 2379 murorum
469 2333 657 2399 compagem
684 2310 909 2378 dissolverent.
967 2312 1035 2390 Qui
1064 2335 1146 2398 prae·

138 2421 231 2497 cepta
256 2414 426 2478 effectibus
456 2421 665 2497 exequentes,
690 2410 778 2474 omui
801 2410 876 2474 nisu
906 2412 1146 2476 contendebant

138 2512 256 2596 quibus
265 2511 371 2576 modis
387 2512 536 2575 obsessos
551 2507 715 2574 crudelius
730 2507 935 2573 infestarent.
983 2507 1144 2592 Superve-

137 2613 248 2677 nieute
274 2621 385 2677 antem
413 2619 520 2687 nocte,
551 2609 741 2674 audaciores
771 2607 946 2693 eligebant,
978 2606 1037 2691 qui
1066 2609 1144 2674 dum

137 2713 238 2777 ceteri
256 2712 362 2776 labori
377 2710 456 2775 fessi
481 2710 626 2794 quietem
652 2707 779 2792 soporis
805 2714 969 2790 caperent,
986 2715 1095 2771 castra
1110 2718 1144 2773 et

137 2811 280 2875 tentoria
290 2811 331 2874 ab
346 2809 491 2873 bostium
505 2808 631 2872 furtiva
644 2805 834 2871 incursione
848 2813 1033 2870 tuerentur.

212 3067 241 3130 7.
264 3081 614 3128 emmerammum
627 3080 783 3126 auxmmu
804 3081 825 3122 A
845 3080 947 3124 BRUTO
969 3081 1100 3126 PETUNT.

225 3234 249 3275 g
370 3278 375 3279 ἶ
434 3195 614 3271 Tobsessi,
639 3195 674 3258 in
697 3193 786 3259 edito
808 3214 979 3258 murorum
1003 3202 1139 3270 stantes,

163 3334 190 3360 ι
431 3299 511 3364 totis
533 3298 658 3363 viribus
680 3296 833 3360 nituntur
852 3304 890 3360 ut
911 3297 1057 3362 hostium
1072 3319 1139 3361 ma-

228 3408 281 3461 .·“ξ
340 3448 392 3470 ἢ
431 3397 633 3462 chinationes
655 3393 828 3459 contrariis
846 3395 1140 3460 machinationibus

228 3516 271 3579 ,ἐξ
431 3496 600 3581 repellant,
626 3516 712 3558 nunc
734 3494 810 3568 tela,
834 3514 921 3557 nuuc
947 3492 1139 3576 sulphureas

161 3646 186 3651 -
244 3642 362 3655 ὴ
372 3648 386 3663 2
431 3594 524 3660 tedas
535 3593 713 3677 ejicientes,
726 3612 798 3656 sese
813 3591 1012 3656 unanimiter
1027 3590 1139 3654 defen-

140 3676 176 3721 μ’·
204 3708 208 3717 ’
250 3684 256 3695 ³
292 3682 299 3683 ἶ
331 3679 385 3712 ⁵
431 3694 509 3757 dere
534 3691 720 3755 intendunt.
775 3687 861 3753 Oum
884 3696 995 3754 autem
1023 3698 1140 3772 parata

132 3789 298 3852 testudine
321 3811 436 3856 murus
461 3790 692 3864 suffoderetur,
710 3787 826 3853 Graeco
842 3789 919 3874 igne
941 3797 1041 3872 atque
1063 3788 1139 3852 cali-

132 3887 248 3950 darum
277 3909 438 3972 aquarum
467 3888 639 3973 aspergine
664 3886 776 3950 hostes
805 3886 1012 3951 retrocedere
1044 3907 1138 3972 coge-

131 3987 220 4052 bant.
285 3987 360 4051 Oibi
398 3996 507 4051 tamen
547 3985 685 4071 penuria
725 3992 759 4048 et
800 3985 990 4069 quotidiano
1026 3985 1138 4049 labore

132 4087 251 4163 afflicti,
263 4088 409 4172 legatum
423 4087 466 4150 ad
481 4085 625 4150 Brutum
639 4083 811 4158 miserunt,
823 4085 1025 4167 postulantes
1041 4092 1079 4147 ut
1091 4084 1137 4147 eis

131 4185 163 4248 iu
178 4187 339 4252 auxilium
354 4185 537 4250 festinaret.
585 4183 760 4247 Timebant
775 4183 862 4245 enim
877 4205 918 4246 ne
939 4183 974 4246 in
990 4183 1137 4246 debilita-
