2848 4888
447 487 602 534 maroam
616 491 784 536 anusmr.
800 493 862 537 nra.
877 494 919 538 vr.
1125 477 1185 538 10³

174 629 305 693 veroin
316 631 395 695 aula
408 633 731 716 potantes'deseruit.
781 635 857 716 Quo
877 637 960 712 viso,
981 638 1070 702 ultra
1087 659 1186 721 quam

177 728 267 791 credi
292 737 404 812 potest
424 731 609 796 oontristati
629 743 707 797 sunt
728 733 825 810 Picti,
850 737 1049 800 arbitrantes
1069 758 1185 801 verum

177 849 250 892 esse
270 829 361 912 quod
381 830 530 894 dixerat:
552 842 859 918 murmurantesque
874 835 917 899 ad
933 835 1072 900 invicem
1099 836 1184 901 dioe-

176 927 268 1002 bant,
293 926 375 990 “Ut
396 928 476 1013 quid
490 931 682 994 monachum
696 932 797 996 istum
817 933 928 997 vivere
942 932 1186 1016 permittimus?

177 1034 218 1090 ut
244 1026 323 1110 quid
349 1048 416 1091 non
439 1027 652 1094 interficimus
677 1052 761 1106 eum,
787 1039 826 1094 ut
851 1031 1070 1118 Vortegirnus
1092 1033 1187 1118 regni

178 1126 261 1190 solio
271 1125 441 1208 potiatur?
487 1125 572 1206 Quis
588 1130 707 1193 etenim
727 1129 811 1193 alius
823 1130 853 1194 ei
873 1131 907 1194 in
922 1149 1061 1216 regnum
1074 1150 1186 1196 suooe-

179 1221 297 1288 deret?
329 1225 449 1308 dignus
469 1245 611 1309 namque
631 1234 682 1290 est
701 1227 838 1310 imperio
860 1228 1046 1304 ethonore,
1068 1230 1187 1316 dignus

178 1323 278 1386 etiam
293 1325 384 1388 omni
400 1322 570 1408 dignitate,
586 1325 644 1408 qui
659 1346 718 1390 nos
735 1326 841 1392 ditare
855 1348 922 1391 non
938 1337 1053 1394 cessat.

411 1585 427 1665 t
448 1581 478 1646 8.
500 1602 654 1645 corsrass
675 1603 707 1644 v1
728 1603 962 1647 oarauroarua.

185 1727 265 1803 ,55
279 1730 331 1801 f?
346 1738 444 1803 {aa
485 1714 575 1781 OST
620 1716 689 1778 baeo
732 1715 952 1800 irrumpentes
996 1717 1185 1794 thalamum,

190 1809 204 1838 '¹
220 1802 224 1809 ⁴
240 1856 253 1889 ·1
277 1810 317 1869 s?
359 1823 373 1881 :2
405 1792 434 1861 ’i
482 1816 640 1898 impetum
659 1813 809 1878 fecerunt
829 1815 864 1878 in
887 1814 1111 1891 Constantem,
1132 1838 1188 1900 pe·

182 1906 216 2009 *ἶ
229 1900 242 1933 '¹
324 1914 442 2013 „⁶¹5
482 1913 1188 1999 remptoqueilio,oaputooramVortegimo

218 2048 221 2057 =
350 2010 366 2085 ⁴,
393 2000 425 2077 ab
480 2012 640 2076 tulerunt.
688 2009 788 2090 Quod
808 2030 882 2075 oum
901 2013 1082 2094 aspexisset
1102 2012 1187 2077 Vor-

202 2080 384 2209 ·v'“‘„24„.({‘
480 2111 641 2196 tegimus,
668 2111 763 2193 quasi
783 2110 997 2175 contristatus
1017 2111 1052 2173 in
1074 2110 1188 2175 fletum

292 2222 303 2225 μ
326 2221 328 2227 “
344 2214 383 2251 '‘t“
398 2216 432 2249 ⁸*
481 2209 609 2292 erupit:
633 2229 693 2272 neo
708 2230 853 2292 unquam
866 2208 958 2292 prius
976 2208 1094 2291 majori
1108 2231 1188 2295 gau·

179 2305 236 2368 dio
261 2307 487 2373 fluctuaverat.
534 2307 668 2372 Vocatis
696 2316 808 2371 tamen
844 2307 968 2372 civibus
1006 2307 1188 2374 Londoniae

179 2403 272 2485 (nam
286 2405 322 2468 id
337 2406 425 2470 intra
440 2428 512 2470 eam
527 2406 724 2491 eontigerat)
736 2405 839 2488 jussit
854 2410 988 2469 ounotos'
1002 2407 1188 2489 proditores

178 2503 319 2590 alligari,
357 2505 574 2589 alligatosque
611 2504 774 2580 decollari,
817 2505 895 2588 quia
923 2513 1053 2568 tantum
1084 2506 1188 2570 scelus

178 2601 290 2666 faeere
305 2612 593 2686 praesumpserant.
640 2601 790 2666 Fuerunt
814 2611 924 2666 autem
945 2603 1000 2685 qui
1023 2604 1188 2668 existima-

177 2702 260 2765 bant
275 2701 494 2786 proditionem
510 2701 599 2764 illam
613 2721 672 2784 per
688 2700 925 2785 Vortegirnum
945 2700 1049 2764 fuisse
1068 2701 1189 2766 maehi-

176 2809 311 2864 natam:
336 2798 448 2863 Pictos
463 2820 542 2864 vero
556 2800 742 2862 nullatenus
762 2799 826 2862 nisi
841 2819 975 2862 assensu
989 2799 1077 2864 iilius
1091 2801 1188 2866 incre-

176 2900 277 2983 pisse.
326 2897 474 2961 Fuerunt
499 2898 598 2962 etiam
622 2897 679 2980 qui
705 2897 786 2960 nihil
811 2897 1010 2971 baesitantes,
1035 2899 1143 2982 ipsum
1168 2921 1190 2964 a

176 2999 239 3062 tali
260 2996 397 3061 erimine
416 2997 611 3080 purgabant.
658 2994 711 3058 Re
734 2994 867 3059 tandem
887 2995 922 3057 in
943 2995 1042 3059 dubio
1060 2998 1186 3074 relicta,

176 3096 363 3160 nutritores
389 3093 530 3158 duorum
550 3094 702 3169 fratrum,
732 3093 860 3157 Aurelii
885 3083 1064 3170 Ambrosii,
1089 3105 1188 3181 atque
1300 3115 1302 3119 ·

180 3194 493 3278 Utherpendragon,
531 3193 734 3276 diffugerunt
770 3213 844 3256 cum
881 3193 928 3256 eis
965 3193 999 3255 in
1028 3183 1187 3258 minorem

178 3292 399 3368 Britanniam,
426 3293 579 3356 timentes
599 3313 641 3355 ne
666 3313 687 3354 a
709 3291 909 3376 Vortegirno
935 3293 1184 3376 perimerentur.

180 3393 309 3457 Ibidem
340 3392 467 3475 excepit
503 3390 576 3454 illos
606 3388 772 3455 Budeoius
801 3410 871 3466 rex,
905 3400 939 3456 et
968 3392 1092 3457 bonore
1122 3414 1187 3476 quo

180 3493 316 3557 decebat
332 3490 493 3555 educavit.
