2848 4888
265 467 326 529 132
578 486 691 530 usura
714 485 956 530 uouuuuruusrs

263 638 371 713 patur.
418 627 468 694 Ut
482 628 584 716 igitur
598 631 641 694 ad
655 630 736 695 illud
756 631 906 715 parvenit
927 628 1133 706 Ambrosius,
1159 630 1275 715 prodi-

265 725 364 791 tionis
378 727 467 811 patri
488 749 526 792 ac
548 727 646 794 fratri
663 728 762 793 illatae
781 728 1003 806 reminiscens,
1031 728 1130 793 Eldol
1155 728 1277 793 ducem

268 824 534 891 claudiocestria
560 827 701 892 affatur:
737 826 909 912 “Respice
935 828 1003 892 dux
1027 828 1145 892 nobilis
1171 829 1276 912 hujus

266 922 358 988 urbis
372 925 500 1000 moeuia,
512 946 555 988 au
569 933 726 1008 poterunt
741 924 977 1012 Vortegirnum
991 935 1175 1012 protegere,
1192 925 1277 1009 quin

156 1089 166 1102 ,
266 1022 368 1108 gladii
382 1023 446 1086 mei
465 1045 655 1088 mucronem
675 1025 745 1108 ipse
765 1024 854 1089 intra
878 1025 1004 1088 viscera
1029 1025 1132 1108 ipsius
1158 1045 1277 1088 recon-

266 1118 367 1186 dam?
412 1120 602 1188 Promeruit
622 1123 708 1187 enim
723 1144 856 1187 necem:
878 1144 939 1187 nec
954 1123 1015 1187 tibi
1036 1123 1185 1208 ignotum
1201 1133 1276 1188 esse

267 1220 418 1284 existimo
434 1221 540 1304 ipsum
551 1227 623 1286 eam
634 1222 863 1305 promeruisse.
905 1219 1112 1286 Obominem
1127 1221 1276 1286 omnium

267 1320 568 1385 sceleratissimum:
593 1319 854 1386 Oineffabilibus
864 1321 1038 1410 tormentis
1048 1321 1274 1405 perpenduml

268 1418 381 1483 Primo
395 1418 539 1503 prodidit
549 1426 677 1502 patrem
691 1440 800 1482 meum
813 1417 1076 1495 Constantinum,
1093 1421 1150 1504 qui
1164 1420 1274 1504 ipsum

266 1526 301 1582 et
315 1517 454 1601 patriam
469 1537 489 1580 a
504 1514 674 1580 Pictorum
689 1517 873 1601 irruptione
887 1517 1093 1583 liberaverat.
1140 1516 1274 1582 Deinde

266 1616 480 1698 Constantem
494 1615 632 1680 fratrem
645 1637 765 1692 meum,
782 1638 880 1700 quem
894 1626 932 1681 ut
943 1617 1096 1701 perderet
1109 1616 1144 1678 in
1159 1637 1272 1700 regem

266 1714 439 1799 promovit.
485 1712 617 1780 Deinde
628 1735 702 1778 cum
716 1715 854 1798 ipsemet
868 1716 1014 1780 versutia
1025 1736 1085 1778 sua
1096 1714 1272 1800 insignitus

267 1813 395 1889 fuisset,
428 1812 605 1878 intromisit
640 1813 826 1878 concivibus
862 1811 1023 1898 Paganos,
1053 1821 1092 1877 ut
1129 1833 1185 1877 eos
1215 1813 1273 1896 qui

267 1911 416 1977 fidelitati
436 1933 517 1976 meae
538 1911 759 1988 adherebant,
781 1912 1036 1977 exterminaret:
1060 1912 1118 1976 sed
1137 1912 1273 1995 permit-

266 2019 359 2076 tente
374 2010 435 2074 deo
450 2010 484 2073 in
503 2010 667 2094 laqueum,
692 2032 790 2094 quem
815 2010 966 2074 fidelibus
992 2011 1060 2074 suis
1086 2019 1272 2094 paraverat,

142 2131 147 2138 ·
267 2108 418 2173 incautus
445 2107 570 2174 cecidit.
617 2105 704 2172 Nam
724 2116 762 2171 ut
782 2108 959 2192 nequitiam
980 2109 1082 2193 ipsius
1108 2130 1274 2192 compere-

266 2215 347 2272 runt
363 2207 520 2284 Saxones,
537 2207 704 2291 ejecerunt
724 2206 816 2270 illurn
832 2228 850 2271 a
865 2227 977 2292 regno,
999 2207 1089 2290 quod
1108 2208 1274 2272 neminem

267 2307 380 2392 pigere
395 2305 522 2369 debeat.
570 2304 656 2369 Illud
671 2326 748 2368 vero
764 2304 940 2369 dolendum
951 2325 1027 2390 ¹esse
1042 2326 1169 2381 censeo,
1186 2307 1274 2389 quod

266 2404 428 2468 nefandus
443 2403 580 2486 populus
595 2423 693 2486 quem
707 2402 869 2467 nefandus
888 2403 943 2467 ille
963 2403 1124 2480 invitavit,
1145 2406 1273 2470 nobiles

267 2503 353 2568 cives
365 2500 612 2567 exterminavit:
634 2500 777 2564 fertilem
788 2501 928 2584 patriam
939 2501 1140 2568 devastavit:
1165 2525 1275 2571 sacras

267 2601 418 2667 ecclesias
449 2599 633 2665 destruxit:
666 2605 700 2662 et
737 2597 1018 2665 christianitatem
1043 2600 1114 2664 fere
1139 2623 1160 2664 a
1189 2607 1274 2668 mari

266 2721 372 2784 usque
398 2699 440 2763 ad
468 2719 559 2762 mare
596 2696 725 2761 delevit.
773 2695 871 2761 Nunc
900 2718 979 2783 ergo
1009 2698 1096 2778 cives
1133 2701 1273 2767 viriliter

268 2799 375 2883 agite:
398 2806 432 2862 et
451 2794 613 2860 vindicate
633 2815 692 2858 vos
712 2795 804 2878 prius
823 2796 857 2858 in
874 2797 984 2872 istum,
1006 2819 1065 2881 per
1085 2819 1184 2881 quem
1204 2801 1274 2864 haec

269 2897 377 2962 omnia
402 2895 488 2959 mala
513 2901 730 2958 accesserunt.
777 2893 908 2960 Deinde
931 2905 1098 2961 vertamus
1124 2918 1217 2962 arma
1239 2900 1274 2962 in

267 2997 379 3060 hostes
395 2992 611 3067 imminentes,
633 2999 667 3054 et
678 2991 817 3075 patriam
838 2994 879 3057 ab
899 3015 1013 3058 eorum
1028 2995 1174 3080 ingluvie
1193 2998 1274 3062 libe-

268 3110 388 3156 remus.
434 3087 505 3152 Neo
533 3109 637 3163 mora,
668 3088 804 3153 diversis
830 3092 1124 3158 machinationibus
1148 3095 1273 3158 incum-

268 3192 371 3256 bunt:
393 3187 511 3250 moenia
527 3187 658 3251 diruere
672 3187 834 3254 nituntur.
881 3188 1065 3267 Postremo,
1079 3213 1153 3255 oum
1164 3202 1276 3258 cetera

269 3288 474 3363 defecissent,
501 3287 609 3372 ignem
630 3286 868 3352 adhibuerunt:
900 3289 1056 3372 quicum
1082 3291 1274 3357 alimentum

267 3386 453 3471 reperisset,
477 3407 543 3449 non
569 3385 731 3468 acquievit
756 3386 941 3470 adjunctus,
967 3388 1069 3454 donec
1095 3391 1216 3454 turrim
1240 3400 1274 3456 et

268 3485 503 3571 Vortegirnum
516 3484 647 3548 exarsit.
