2848 4888
412 455 750 503 mosomensem.
765 459 827 502 ma.
843 459 873 504 x.
1078 441 1137 502 193

132 611 209 675 sime
239 611 353 677 abivit.
405 611 454 677 Ut
482 613 534 678 his
562 615 674 698 itaque
704 623 738 679 et
766 615 913 698 pluribus
942 615 1013 678 aliis
1042 614 1140 678 finem

131 709 257 773 dicendi
271 710 362 786 fecit,
378 730 490 775 omnes
505 733 571 774 uno
580 733 715 776 assensu
726 713 885 788 faventes,
899 713 1002 777 socias
1014 733 1141 797 quoque

128 830 246 872 manus
268 808 486 893 jurejurando
512 812 750 894 promittentes
781 812 824 875 ad
853 811 1046 875 armandum
1069 832 1140 875 sese

129 908 300 974 festinant.
333 908 465 972 Armati
477 910 609 973 tandem
621 910 784 996 Lengrias
799 910 1023 995 egrediuntur,
1040 918 1141 993 atque

129 1006 319 1091 praedictam
335 1010 453 1074 vallem
467 1009 629 1086 adierunt,
653 1010 710 1073 ubi
731 1010 879 1074 Arturus
900 1018 1047 1075 catervas
1064 1032 1141 1075 suas

130 1113 304 1170 statuerat.
352 1105 458 1170 Porro
478 1115 522 1194 ¹et
549 1106 598 1170 illi
627 1107 797 1172 duodecim
827 1117 965 1172 cuneata
997 1109 1138 1192 agmina,

130 1211 231 1288 atque
246 1205 357 1269 omnia
370 1205 536 1289 pedestria
549 1206 710 1282 fecerunt,
732 1227 802 1289 quae
823 1205 972 1270 Romano
991 1227 1082 1270 rnore
1097 1207 1140 1270 ad

130 1303 266 1366 modum
282 1305 376 1368 cunei
386 1304 547 1380 ordinata,
564 1326 622 1368 sex
632 1305 735 1368 millia
742 1305 883 1368 militum
895 1327 968 1368 cum
978 1306 1140 1380 sexcentis

131 1401 305 1486 sexaginta
320 1423 386 1478 sex,
400 1403 579 1467 exercitum
591 1423 685 1466 suum
697 1402 905 1486 disponentes
920 1402 1138 1466 continebant.

134 1499 252 1564 Sedet
274 1500 448 1584 unicuique
472 1521 549 1564 suos
573 1501 725 1566 ductores
748 1501 928 1565 dederunt:
951 1513 990 1564 ut
1015 1501 1144 1565 monitu

132 1619 246 1662 eorum
262 1607 296 1663 et
310 1599 503 1664 invaderent
522 1608 555 1664 et
581 1599 698 1664 ceteris
712 1599 915 1663 irruentibus
938 1599 1140 1664 resisterent.

134 1693 202 1758 Uni
217 1696 337 1761 etenim
359 1698 576 1782 praefecerunt
591 1697 732 1762 Lucium
760 1697 922 1760 Catellum
947 1705 1141 1772 senatorem,

133 1802 167 1858 et
181 1793 400 1859 Alifantinam
414 1817 526 1882 regern
543 1796 721 1880 Hispaniae.
767 1793 833 1859 Alii
855 1815 933 1859 vero
955 1794 1143 1858 Hirtaoium

134 1913 248 1977 regem
279 1892 490 1970 Parthorum,
517 1901 550 1958 et
578 1893 723 1958 Marium
750 1892 914 1976 Lepidum
940 1901 1143 1957 senatorem:

134 1991 233 2054 tertio
250 1989 395 2055 Boccum
414 2013 527 2077 regem
549 1991 739 2066 Medorum,
767 1999 801 2054 et
826 1990 943 2055 Caium
967 1989 1143 2055 Metellum

135 2097 336 2153 senatorem:
353 2099 472 2174 quarto
490 2090 673 2154 Sertorium
684 2110 797 2175 regem
812 2087 936 2174 Libyae,
949 2095 983 2152 et
994 2088 1143 2171 quintum

135 2185 497 2253 Milviumsenatorem.
523 2187 604 2252 Haec
613 2196 773 2271 quartuor
782 2187 955 2271 agminain
964 2187 1144 2270 primaacie

135 2292 259 2348 statuta
273 2285 417 2352 fuerunt.
466 2285 548 2351 Post
567 2287 638 2370 ipsa
657 2306 736 2350 vero
755 2285 820 2349 alia
839 2293 979 2368 quatuor
999 2284 1143 2361 adorsa,

134 2404 278 2470 quorum
306 2384 363 2447 uni
395 2384 526 2450 Sersem
551 2405 663 2469 regem
694 2383 883 2448 Itureorum
908 2382 1143 2466 praefecerunt:

133 2482 189 2545 alii
204 2503 284 2546 vero
307 2481 514 2547 Pandrasum
528 2504 640 2568 regem
661 2482 820 2568 AEgypti:
843 2482 943 2547 tertio
959 2481 1144 2567 Polytetem

135 2581 252 2644 ducem
283 2580 467 2668 Bithynia:
506 2590 622 2666 quarto
651 2581 815 2646 Teucrum
839 2582 951 2645 ducem
979 2581 1141 2667 Phyrgiae.

135 2679 219 2744 Post
254 2681 323 2744 haee
353 2701 483 2765 quoque
512 2681 575 2744 alia
604 2689 745 2764 quatuor
782 2680 921 2764 agmina,
953 2688 986 2744 et
1016 2681 1144 2745 cuidam

133 2778 264 2842 illorum
280 2779 442 2843 dederunt
464 2779 624 2858 Quintum
649 2778 826 2843 Carucium
850 2787 1054 2844 senatorem:
1088 2782 1144 2844 alii

133 2886 244 2942 autem
271 2876 410 2940 Laelium
438 2876 669 2942 Hostiensem:
703 2877 803 2941 tertio
831 2876 1008 2961 Sulpitium
1036 2877 1144 2942 Subu-

134 2977 263 3040 culum:
299 2983 418 3058 quarto
456 2973 655 3039 Mauricium
694 2975 869 3040 Silvaram.
928 2974 1003 3059 Ipse
1032 2984 1143 3040 autem

135 3075 221 3139 inter
236 3095 293 3137 eos
307 3094 392 3137 nunc
417 3073 478 3136 hac
492 3095 579 3139 nunc
593 3074 667 3138 illae
687 3073 867 3149 incedebat,
889 3075 1095 3160 suggerendo
1111 3084 1144 3139 et

137 3173 293 3249 docendo,
333 3172 472 3256 qualiter
510 3194 581 3238 sese
617 3172 785 3238 haberent.
833 3170 872 3235 In
908 3172 1016 3236 medio
1046 3174 1145 3238 etiam

137 3293 273 3350 auream
301 3271 468 3355 aquilam
496 3292 594 3355 quam
623 3292 683 3355 pro
712 3271 831 3335 vexillo
861 3271 1010 3348 duxerat,
1043 3272 1146 3355 jussit

137 3370 276 3434 firmiter
297 3370 394 3453 poni:
418 3378 451 3433 et
471 3391 683 3454 quoscunque
709 3390 804 3434 casus
831 3377 1044 3455 segregasset,
1070 3370 1145 3434 suh·

139 3467 266 3533 monuit
281 3476 319 3532 ut
334 3469 377 3532 ad
392 3489 463 3534 eam
478 3469 600 3534 reverti
615 3476 818 3534 conarentur.
