2872 4876
372 411 527 468 aaran.
551 413 744 472 nrsronrn
766 418 839 472 nra
864 418 916 469 111.
1083 403 1126 479 21

113 560 290 640 successit
309 561 418 640 Rnno
434 563 601 639 Periduri
616 567 732 642 filius:
756 568 814 644 cui
835 569 1032 648 Gerumtius
1051 573 1128 651 Ho-

112 659 227 734 liduri
248 660 358 738 filius.
403 662 496 740 Post
508 665 612 742 illum
628 667 790 742 Catellus
805 669 885 757 ojus
900 671 1017 746 filius:
1043 679 1127 762 post

113 758 308 850 Catullum,
329 761 477 840 celus:
500 772 583 854 post
598 765 745 843 coelum
761 766 917 844 Porrex:
940 777 1022 856 post
1037 771 1127 845 Por-

109 882 229 970 recem
245 859 388 949 Charin,
403 861 487 942 huic
501 871 577 942 tres
592 864 659 940 filii
673 865 830 956 fuenut,
860 867 1055 958 Fulgeniuc
1074 871 1127 944 vi-

112 954 253 1045 dehcet,
268 965 307 1036 et
321 958 493 1051 Eldadua
508 969 546 1039 et
561 963 788 1055 Αιιὼοαὶυες
809 966 871 1053 qui
894 992 1017 1046 omnes
1033 970 1126 1046 alter

115 1061 201 1140 post
215 1055 372 1136 alterum
386 1068 626 1149 agnoverunt

128 1332 174 1360 -ζ
190 1336 230 1369 Ξ
243 1318 268 1347 r
308 1333 363 1361 Ξ,
394 1291 518 1345 xmnn
549 1273 723 1352 namegast
760 1274 916 1354 Ulmus
950 1277 1125 1366 Andmgii

232 1342 333 1471 ‘u
395 1372 511 1448 nius:
545 1371 603 1445 aa
625 1372 809 1450 nunus:
832 1375 975 1454 Elvidio
999 1385 1123 1454 auam

318 1470 374 1555 1²
401 1469 620 1544 Oledancus:
648 1472 707 1544 oui
729 1471 919 1550 olearon:
947 1474 1005 1552 cui
1028 1474 1123 1552 Gun-

127 1566 163 1751 ⁹
198 1630 241 1667 r
284 1626 287 1629 ,
352 1610 359 1641 2.
396 1569 564 1658 gnatius:
591 1569 650 1643 oui
665 1569 872 1644 Marianus:
903 1573 961 1645 cui
976 1572 1123 1645 Blcidu-

130 1749 210 1766 :2
278 1728 292 1757 Ξ
325 1710 361 1766 2
395 1692 484 1741 cus:
515 1667 573 1740 cui
603 1667 770 1754 Gophna:
805 1669 864 1742 cui
893 1671 1033 1746 Ocnus:
1064 1673 1123 1746 cui

125 1766 375 1825 ³2:5³²*
396 1767 561 1844 Sisillus:
586 1766 644 1840 oui
666 1766 857 1858 Blegabret
877 1768 986 1842 hilari
1006 1770 1121 1853 wiltu,

112 1864 187 1938 Hic
201 1890 324 1942 omnes
339 1873 501 1941 cantores
517 1888 605 1951 quos
620 1871 717 1937 retro
733 1871 819 1938 aetas
833 1865 1019 1957 habuerat,
1035 1875 1072 1941 et
1082 1869 1121 1941 in

3 1971 5 1994 *
111 1965 277 2056 modulis,
293 1973 332 2043 et
345 1967 384 2042 in
402 1963 566 2042 omnibus
586 1962 734 2036 musicis
753 1963 1004 2041 instrumentis
1022 1991 1123 2040 exee-

2 2080 4 2152 ξ
110 2062 230 2154 debat,
240 2065 294 2139 ita
311 2073 355 2139 ut
366 2065 463 2138 Deus
479 2061 724 2139 ioculatorins
740 2063 989 2150 appellaretur.
1031 2064 1123 2138 Post

110 2161 217 2238 illum
231 2164 395 2253 regnavit
410 2161 604 2238 Archmael
622 2161 735 2236 frater
761 2185 848 2234 suus
858 2190 869 2249 ;
889 2169 973 2248 post
995 2161 1120 2251 Eld013

1 2335 2 2340 ,
108 2270 192 2349 post
209 2263 368 2352 Redion3
394 2263 452 2337 eui
468 2261 667 2348 Roporicus
675 2288 686 2350 ς
713 2259 771 2336 cui
783 2259 928 2334 Samuel
957 2259 1119 2348 Poniseh

1 2354 2 2432 j
108 2360 169 2434 cui
197 2361 283 2451 Pir3
313 2362 371 2438 cui
394 2360 542 2450 Gapoir:
566 2358 691 2434 deinde
719 2359 892 2434 successit
917 2358 1120 2448 Grilquellus

1 2527 2 2534 ,
111 2457 257 2548 Gapoiri
271 2461 379 2550 filius,
399 2460 455 2534 vir
470 2459 646 2550 optimus:
678 2466 761 2546 post
781 2459 897 2548 illum,
912 2459 1000 2532 Heli
1022 2460 1119 2534 filius

108 2559 191 2646 ejus
207 2560 379 2635 successit
389 2583 454 2647 per
468 2557 704 2647 quadraginta
719 2583 841 2648 annon,
867 2557 927 2635 hic
938 2558 1121 2646 generavit

1 2669 2 2680 ¹
109 2663 185 2730 tres
198 2658 302 2747 filios,
315 2658 405 2748 Iud,
418 2657 737 2746 Cassibellaunum‚
750 2657 1120 2743 Ncnniumtquorum

1 2827 2 2830 ,
111 2754 204 2844 Lud,
230 2758 348 2846 maior
373 2765 473 2848 natu,
500 2764 538 2831 et
568 2755 696 2844 amplis
723 2755 892 2833 membris
924 2755 1096 2831 successit
1108 2783 1120 2850 3

1 2855 2 2920 ἶ
112 2854 343 2930 aedificiorum
366 2863 567 2945 renovatur,
590 2880 712 2930 muros
735 2854 835 2931 urbis
860 2854 1119 2932 Trinouantum

110 2954 306 3044 renovavit,
321 2954 359 3028 in
374 2954 499 3029 dandis
514 2955 628 3042 epulis
643 2955 821 3042 profusua
836 2960 874 3028 et
888 2952 1054 3041 quoniam
1068 2953 1119 3026 ibi

109 3077 183 3140 proc
199 3053 281 3127 aliis
295 3054 445 3128 urbibus
460 3055 724 3142 immoraretur,
744 3053 1003 3129 Trinovantum
1022 3051 1119 3128 dicta

109 3159 167 3226 cst
178 3151 404 3243 Geor-Lud,
416 3153 453 3228 id
469 3161 526 3227 est
536 3152 663 3227 civitas
679 3152 770 3241 Lod,
780 3159 818 3225 et
831 3151 955 3228 deinde
965 3177 1029 3239 per
1043 3176 1119 3224 cor-

110 3251 314 3337 ruptionem
332 3252 486 3325 nominis
507 3252 598 3326 anr
613 3251 751 3343 Lunda
768 3277 789 3324 a
806 3249 1012 3325 succedente
1027 3258 1118 3324 tem-

110 3373 194 3436 pore
208 3375 274 3438 per
288 3351 602 3428 commutationem
613 3349 817 3438 linguarum
832 3349 928 3425 dicta
941 3349 1012 3420 fuit
1024 3349 1118 3422 Lon-

113 3447 214 3538 done‚
229 3455 267 3522 et
281 3458 406 3538 postea
421 3450 600 3539 Londres3
626 3449 719 3527 uude
734 3456 771 3522 ct
785 3449 894 3540 panni
908 3447 951 3524 de
972 3447 1118 3520 Lundra

109 3546 283 3624 dicuntur
297 3549 433 3639 optimi.
461 3550 631 3623 Mortuus
646 3555 767 3626 autem
782 3548 820 3624 in
835 3546 931 3622 dicta
944 3546 1032 3617 urbe
1047 3544 1119 3617 fuit

112 3647 274 3734 sepultus
287 3649 397 3737 juxta
405 3655 547 3737 portam
563 3648 675 3737 illam,
690 3672 769 3734 qna
790 3645 905 3720 adhuc
919 3644 961 3717 do
976 3645 1118 3719 nomine

112 3781 177 3832 ruo
190 3757 376 3836 ‘Porthlnd
390 3760 608 3849 Britannice,
628 3757 799 3839 Senoniae
814 3782 897 3832 vero
917 3755 1117 3846 Ludesgate

111 3865 350 3947 nuncupatur.

552 4095 637 4116 m
