2872 4876
412 417 663 557 arsroadsxane.
684 453 767 498 narr.
788 453 851 498 me.
862 453 919 499 111.
1103 438 1163 497 215

158 598 239 667 fiat:
262 598 299 664 in
315 598 482 684 sequentis
498 598 563 664 diei
577 618 698 666 aurora
711 597 933 683 applicuerunt
952 597 987 662 in
1002 597 1165 682 quandam

158 697 380 784 insulamque
394 697 791 782 Garnareianuncupatur
805 720 812 761 ε
835 696 892 761 ubi
903 696 1045 760 maximo
1054 697 1165 762 labore

159 798 247 862 nacti
262 797 515 864 sunttellurem.
563 794 908 881 Occupavitcontinuo
925 794 1166 862 cadwallonem

158 904 273 962 tantus
288 897 381 962 dolor
396 905 430 961 et
443 896 494 962 ira
509 896 551 960 ob
566 916 701 960 suorum
716 894 879 960 sociorum
893 894 1109 973 amissionem,
1126 906 1164 961 ut

158 998 266 1064 tribus
280 997 392 1061 diebus
406 1004 440 1060 et
461 995 612 1060 noctibus
632 994 705 1059 cibo
722 993 810 1058 vesei
820 1003 1063 1078 aspernaretur,
1080 1017 1119 1060 ae
1129 996 1164 1060 in

158 1096 244 1161 lecto
273 1095 455 1160 infirmatus
475 1094 611 1180 jaceret.
651 1091 781 1172 Quarto
802 1092 918 1158 deinde
943 1093 1087 1159 instante
1111 1096 1164 1162 die

160 1195 345 1282 empireum
366 1193 510 1258 maxima
531 1191 692 1276 cupiditas
716 1190 833 1256 edendi
853 1191 993 1256 ferinam
1017 1213 1164 1258 carnem:

160 1301 341 1377 vocatoque
351 1291 485 1368 Briano,
495 1290 651 1356 indicavit
662 1289 750 1375 quod
760 1290 1015 1375 concupiscebat.
1053 1291 1101 1356 At
1109 1292 1164 1357 ille

142 1400 292 1476 ·sumpto
306 1411 386 1456 arcu
403 1411 477 1454 oum
491 1389 656 1476 pharetra,
673 1388 768 1476 coepit
782 1388 831 1451 ire
845 1408 904 1474 per
918 1388 1068 1466 insulam,
1083 1397 1120 1454 nt
1137 1390 1166 1454 si

160 1512 255 1556 casus
270 1491 413 1576 aliquam
426 1489 532 1553 feram
552 1488 696 1564 offerret,
721 1509 828 1554 escam
852 1488 907 1552 ille
933 1509 973 1554 ex
996 1509 1035 1553 ea
1055 1489 1165 1572 acqui-

161 1599 260 1655 reret.
308 1588 457 1674 Cumque
477 1607 549 1652 eam
573 1593 675 1651 totam
693 1594 912 1672 peragrasset,
932 1608 992 1652 nec
1016 1588 1052 1652 id
1077 1588 1165 1672 quod

161 1687 327 1774 quaerebat
347 1684 534 1770 reperisset,
557 1684 707 1748 maximis
733 1685 897 1750 eruciatus
921 1694 971 1751 est
993 1687 1165 1772 augustiis,

161 1786 240 1873 quia
266 1784 388 1849 domini
414 1782 586 1848 subvenire
611 1783 761 1866 nequiret
783 1783 925 1848 affectui.
971 1782 1120 1849 Timebat
1135 1785 1165 1849 ei

160 1907 201 1950 ne
216 1905 306 1950 mors
320 1883 543 1950 infirmitatem
557 1881 644 1946 illius
660 1881 923 1965 subsequeretur,
943 1883 970 1947 si
984 1884 1166 1968 appetitum

162 2007 259 2050 suum
269 1984 400 2068 explere
410 2002 477 2046 non
487 1980 652 2045 valuisset.
693 1980 783 2045 Usus
795 2003 873 2065 ergo
885 1989 957 2046 arte
965 2003 1060 2059 nova,
1071 1983 1166 2048 scidit

161 2086 269 2150 femur
291 2103 396 2158 suum,
421 2087 456 2145 et
479 2078 556 2143 inde
578 2078 723 2144 frustum
746 2079 852 2142 earnis
867 2079 1049 2145 abstraxit:
1070 2102 1165 2164 para-

161 2193 263 2269 toque
288 2201 370 2246 veru
391 2177 513 2247 torruit
536 2177 629 2253 illud,
653 2177 751 2244 etad
775 2198 887 2261 regem
908 2199 968 2261 pro
994 2179 1166 2243 venatione

159 2281 314 2368 portavit.
361 2276 446 2344 Mox
472 2276 526 2340 ille
551 2275 690 2340 ferinam
716 2297 847 2340 earnem
872 2297 944 2340 esse
966 2275 1164 2353 existimans,

161 2383 258 2467 eoepit
273 2401 312 2445 ea
326 2376 413 2444 vesci
437 2383 471 2441 et
486 2395 557 2439 sese
571 2373 715 2452 reficere,
737 2375 911 2451 admirans,
933 2375 1021 2461 quod
1040 2384 1166 2440 tantam

162 2479 366 2546 dulcedinem
380 2476 413 2540 in
433 2474 504 2540 aliis
524 2473 676 2538 carnibus
696 2494 763 2537 non
786 2474 971 2558 reperisset.
1019 2473 1165 2539 Satiatus

160 2579 304 2652 taudem,
324 2573 459 2639 hilarior
478 2572 586 2636 factus
606 2578 657 2636 est
676 2579 710 2636 et
731 2571 843 2648 levior,
870 2573 918 2636 ita
940 2580 977 2636 ut
998 2581 1074 2655 post
1096 2580 1165 2637 tres

162 2679 230 2742 dies
254 2683 345 2740 totus
370 2692 468 2737 sanus
491 2669 595 2735 fieret.
642 2669 855 2734 Incumbente
879 2670 995 2734 deinde
1020 2692 1165 2755 congruo

156 2785 266 2852 vento,
282 2777 484 2837 armamenta
502 2769 593 2833 navis
608 2777 744 2854 parant:
768 2778 942 2854 erectoque
962 2770 1033 2834 velo
1054 2791 1163 2854 aequo-

160 2895 255 2940 reum
270 2873 334 2936 iter
348 2867 597 2956 aggrediuntur,
618 2867 701 2931 etin
722 2865 910 2932 Kidaletam
928 2867 1044 2932 urbem
1063 2869 1165 2953 appli-

161 2981 248 3040 cant.
294 2969 425 3034 Deinde
435 2967 601 3032 venientes
612 2967 655 3031 ad
668 2987 780 3052 regem
794 2965 1010 3044 Salomonem,
1023 2969 1165 3052 suscepti

160 3073 202 3139 ab
222 3071 279 3136 illo
303 3075 378 3136 sunt
396 3064 546 3152 benigne,
572 3074 606 3131 et
625 3074 665 3131 ut
690 3065 826 3132 decebat
844 3067 1009 3133 venerati:
1032 3075 1067 3132 et
1091 3088 1165 3131 oum

161 3190 294 3238 eausam
307 3166 467 3233 adventus
482 3184 596 3228 eorum
607 3162 784 3243 didicisset,
796 3165 954 3231 auxilium
969 3165 1016 3230 eis
1031 3166 1064 3230 in
1078 3166 1166 3230 hunc

163 3287 347 3338 sermonem
360 3261 520 3351 promisit.

337 3523 367 3584 5.
388 3537 561 3584 sscouoms
582 3537 675 3582 neers
694 3538 891 3583 aaronem
911 3539 1035 3584 enarro.

212 3695 273 3737 ,f
465 3650 1165 3741 OLENDUMnobisest,egregiijuvenes,

462 3752 604 3839 patriam
617 3773 754 3817 avorum
775 3760 961 3818 vestrorum
981 3775 1002 3819 a
1019 3753 1168 3823 Barbara

169 3935 172 3942 Ι
286 3812 318 3938 „¹
395 3874 398 3875 ⁷
463 3859 562 3940 gente
586 3871 775 3935 oppressam
795 3873 877 3929 esse,
899 3860 934 3918 et
954 3875 1012 3920 vos
1031 3854 1168 3941 ignomi-

205 3994 208 3995 ν
418 3970 425 3998 ⁴
464 3952 555 4017 niose
567 3951 727 4035 expulsos.
767 3949 813 4014 Et
828 3973 901 4016 cum
911 3953 1011 4018 ceteri
1021 3955 1168 4021 homines

175 4100 192 4129 ,
210 3960 295 4181 (A
464 4071 656 4138 regnasua
691 4048 779 4113 tueri
808 4059 939 4133 queant,
968 4052 1089 4118 mirum
1118 4063 1169 4120 est

188 4130 384 4195 3³5³
464 4149 619 4238 populum
638 4156 786 4216 vestrum
814 4157 883 4214 tam
911 4150 1097 4221 foecundam
1119 4154 1168 4218 in-
