2848 4888
388 427 546 470 merosus
555 426 629 470 nne.
645 425 728 469 erm.
745 426 806 470 me.
828 425 870 469 rr.
1090 413 1149 474 109

141 572 248 657 puella
263 573 337 658 regi
358 571 515 636 daretw
538 580 571 635 et
596 578 635 634 ut
659 591 721 655 pro
745 591 784 634 ea
806 571 848 634 ab
870 569 926 634 illo
949 570 1150 655 provinciam

143 671 271 736 Cantie
286 677 449 755 peterent.
496 667 568 733 Nec
588 690 698 733 mora:
722 669 800 732 data
818 667 884 732 fuit
902 669 1011 754 puella
1030 668 1149 737 Verte-

24 807 26 842 l
142 768 247 856 gimo,
264 779 299 834 et
314 769 483 854 provincie
496 768 620 832 Oantie
637 767 813 851 Hengisto‚
834 767 1000 833 nesciente
1020 767 1149 834 Goren·

143 891 227 956 gano
250 868 393 944 Gemite,
415 867 521 952 quiin
538 866 652 931 eadem
671 865 842 952 regnabat.
888 863 1013 951 Nupsit
1038 868 1150 954 itaque

144 989 202 1032 rex
225 968 261 1030 in
286 966 401 1031 eadem
427 973 522 1029 nocte
550 963 711 1050 Pagane:
743 985 817 1048 que
840 964 871 1028 ei
899 965 988 1029 ultra
1016 967 1150 1032 modurn

144 1066 276 1149 placuit.
325 1064 424 1129 Unde
452 1064 488 1127 in
512 1062 715 1126 inimicitiam
744 1083 917 1146 procerum
946 1073 980 1127 et
1008 1064 1151 1131 liliorum

146 1185 280 1228 suorum
307 1163 462 1227 citissime
481 1162 604 1226 incidit.
653 1159 878 1226 Generaverat
903 1183 1045 1246 namque
1067 1165 1151 1231 lilios

145 1264 308 1348 primitus,
330 1263 449 1346 quibus
467 1270 561 1325 erant
580 1260 723 1336 nomina,
745 1258 923 1337 Vortimer‚
948 1262 1150 1350 Katigernus

20 1347 22 1416 ἱ
145 1371 177 1427 ct
192 1361 399 1460 Pescentius.

166 1622 180 1704 §
203 1624 252 1683 13.
276 1637 422 1681 urrscorr
443 1635 612 1679 susumus
632 1635 671 1678 nr
693 1636 792 1680 nurus
815 1636 988 1680 narrasses
1009 1637 1137 1683 usosr:

341 1731 503 1774 voarmne
524 1728 661 1772 sueres
683 1730 807 1773 enemo
828 1730 953 1774 susum.

187 1876 203 1887 ι’
234 1866 331 1927 *⁴⁸1
349 1904 365 1933 4,
392 1856 418 1929 {⁰
447 1841 640 1926 Ntempore
648 1842 704 1907 illo
712 1843 802 1908 venit
815 1843 955 1908 Sanctus
965 1843 1151 1912 Germanus

152 1972 155 2003 ι
181 1964 183 1973 ’
209 2026 213 2031 ρ
269 1972 298 2005 ’ἡ
337 2002 353 2029 .·
409 1958 413 1977 ¹
446 1940 717 2005 Altisiodorensis
753 1943 933 2026 episcopus,
971 1953 1005 2007 et
1035 1943 1151 2029 Lupus

144 2038 202 2104 ..⁵
326 2098 327 2101 ,
366 2060 392 2071 ·‘
449 2039 621 2104 Trecensis
647 2040 828 2125 episcopus,
856 2049 893 2105 ut
922 2044 1058 2106 verbum
1085 2042 1151 2109 Dei

214 2130 262 2279 ‘e
398 2130 412 2183 ⁴.
448 2138 641 2203 Britonibus
698 2139 924 2222 predicarent.
986 2139 1152 2226 Oorrupta

151 2246 158 2267 .,
233 2232 408 2367 &4349
448 2258 588 2321 namque
613 2238 724 2302 fuerat
762 2237 993 2303 christianitas
1026 2260 1150 2316 eorum,

163 2344 187 2373 ⁸
226 2338 348 2375 *ἢ*
366 2350 404 2375 ·‘
447 2344 518 2399 tum
527 2345 662 2420 propter
673 2335 824 2422 Pagsnos
836 2357 919 2421 quos
930 2357 990 2400 rex
1004 2337 1151 2404 insocia-

142 2444 248 2500 tatem
263 2456 378 2499 eorum
392 2444 558 2519 posuerat,
578 2444 650 2500 turn
668 2445 803 2520 propter
823 2434 1033 2521 Pelagianam
1047 2437 1150 2503 here-

144 2535 216 2609 sim,
248 2534 345 2618 cujus
373 2554 535 2598 venenum
572 2534 660 2618 ipsos
690 2534 803 2598 multis
840 2534 956 2599 diebus
985 2535 1148 2601 affecerat.

144 2632 329 2697 Beatorum
353 2631 455 2716 igitur
481 2632 627 2696 virorum
655 2632 896 2716 predicatione,
922 2633 1078 2697 restituta
1101 2642 1151 2699 est

143 2731 230 2794 inter
262 2750 318 2794 cos
348 2749 436 2793 vere
467 2728 544 2793 fidei
573 2730 699 2816 religio,
738 2730 816 2814 quia
844 2730 957 2794 multis
986 2731 1150 2796 miraculis

143 2827 292 2912 quotidie
306 2829 559 2912 preclarebant:
583 2830 688 2892 multa
705 2849 764 2912 per
785 2849 840 2892 eos
861 2829 1018 2892 miracula
1041 2838 1150 2893 osten-

143 2929 243 2993 debat
273 2924 378 3001 Deus,
409 2948 483 3011 que
513 2926 629 2992 Gildas
658 2929 691 2991 in
721 2935 866 2991 tractatu
896 2948 956 2991 suo
984 2927 1151 2992 luculento

144 3047 295 3092 sermone
310 3026 448 3109 paravit.
495 3025 587 3090 Data
606 3035 714 3091 autem
734 3026 844 3110 puella
863 3025 945 3111 regi,
961 3033 1000 3089 ut
1013 3025 1149 3109 predic·

143 3133 293 3200 tumeat,
321 3124 405 3188 dixit
430 3124 615 3209 Hengistus
641 3123 683 3188 ad
703 3145 797 3188 eum:
822 3132 842 3158 “
857 3122 930 3209 Ego
960 3144 1033 3188 sum
1055 3134 1150 3209 pater

142 3233 232 3300 tuus,
265 3230 299 3288 et
329 3222 516 3287 consiliator
541 3223 600 3287 tibi
627 3243 699 3287 esse
729 3222 852 3286 debeo:
885 3222 953 3285 noli
980 3225 1150 3306 preterire

143 3323 316 3388 consilium
346 3343 472 3386 meum:
511 3321 588 3407 quia
616 3342 728 3385 omnes
752 3321 896 3385 inimicos
926 3329 1002 3386 tuos
1028 3324 1150 3390 virtute
1172 3343 1174 3348 ’

143 3423 253 3509 gentis
267 3441 349 3485 mee
365 3420 543 3504 superabis.
592 3419 773 3484 Invitemus
795 3420 902 3484 adhuc
918 3419 1021 3484 filium
1040 3443 1149 3487 meum

147 3521 267 3588 Oetam
291 3541 365 3584 cum
384 3519 488 3606 fratre
510 3540 569 3582 sno
594 3517 731 3582 Ebissa:
767 3517 950 3583 Bellatores
974 3520 1060 3582 enim
1087 3522 1149 3586 viri

146 3629 233 3686 sunt.
281 3619 338 3684 Da
367 3619 413 3683 eis
439 3618 599 3704 regiones,
630 3639 703 3702 que
734 3617 866 3680 suntin
893 3616 1149 3700 Aquilonaribus

145 3719 294 3804 partibus
333 3718 514 3782 Britannie
546 3717 645 3800 juxta
673 3736 814 3789 murum,
842 3715 928 3778 inter
954 3715 1090 3782 Deiram
1117 3731 1150 3785 et

150 3819 301 3884 Scotiam.
354 3816 560 3883 Detinebunt
595 3834 734 3897 namque
770 3813 890 3877 ibidem
928 3813 1151 3883 Barbarorum

147 3919 318 4002 impetum:
342 3916 389 3980 ita
403 3915 493 3998 quod
503 3915 537 3977 in
546 3934 625 3998 pace
637 3914 720 3977 citra
731 3911 921 3977 Humbrum
933 3917 1148 3982 remanebis.''

151 4013 266 4080 Paruit
285 4015 515 4100 Ver-tegimus,
536 4012 753 4096 precepitque
771 4011 816 4076 eis
838 4011 975 4076 invitare
990 4035 1151 4097 quoscun-

152 4135 212 4198 que
228 4109 755 4180 scirentinauxiliumsibivalere.
802 4107 915 4175 Missis
925 4111 1010 4176 illico
1018 4112 1150 4200 legatis:
