2862 4870
391 465 549 510 nrsromn
564 467 637 511 nno.
652 467 735 510 surr.
750 467 811 511 nm.
827 467 869 511 tv.
1096 445 1136 511 73

189 695 203 777 ξ
224 695 273 758 17.
295 712 424 768 nonme,
445 714 509 757 nux
530 713 690 757 prunorum
711 715 732 756 s
752 713 852 756 mro
872 713 1073 757 nnunemun.

183 848 339 915 5⁷³²<
355 852 373 879 1
436 824 668 890 UOOESSIT
690 826 721 890 ei
740 826 775 889 in
797 845 936 910 regnum
957 826 1044 891 filius
1064 827 1135 910 ejus

242 992 301 1024 ·
372 911 388 1016 -ῗ
434 921 645 1085 demut?
659 923 996 1086 tessus
1011 925 1137 1088 on

134 1174 230 1241 Q-
277 1046 396 1221 W?
435 1070 500 1183 rex·
531 1043 737 1196 Picddldunm,P
750 1119 881 1184 nomine
918 1044 1053 1196 Rodiis,
1097 1121 1138 1186 de

47 1313 49 1316 ι
174 1186 382 1346 ζ’έέ)
438 1218 573 1333 Scythis
597 1241 671 1333 oum
705 1239 825 1303 magne
861 1217 963 1283 classe
992 1219 1136 1334 veniens,

30 1369 33 1376 .
202 1329 220 1347 τ
302 1333 332 1341 ”’
436 1319 591 1402 epphourt
605 1339 640 1380 in
655 1316 891 1401 Aqudonurem
912 1323 1040 1400 purtem
1063 1315 1138 1382 Bn-

128 1416 259 1492 tenniae,
283 1437 357 1499 quae
379 1416 521 1481 Albania
543 1416 736 1499 appelletur,
753 1416 915 1499 ooepitque
937 1416 1137 1498 provinciam

21 1575 24 1588 ,
128 1516 215 1579 illem
231 1523 375 1579 vastare.
423 1515 569 1578 Colleuto
588 1515 691 1600 igitur
712 1515 832 1599 populo
855 1535 915 1578 suo
930 1514 1047 1598 petivit
1062 1537 1137 1580 eum

21 1613 22 1620 '
131 1613 274 1689 Marius
299 1613 464 1697 illatisque
486 1613 606 1695 praeliis
624 1613 732 1697 ipsum
753 1613 930 1690 interfecit,
947 1621 980 1676 et
999 1613 1138 1681 victoris

129 1713 254 1796 potitus
270 1719 332 1776 est.
379 1711 511 1776 Deinde
525 1713 631 1776 erexit
652 1712 793 1796 lapidem
808 1712 842 1774 in
858 1711 988 1796 signum
1001 1712 1137 1796 trimphi

130 1812 189 1886 sui,
207 1811 245 1874 in
259 1810 438 1892 provincie,
455 1831 526 1893 quse
541 1819 656 1894 postea
671 1811 712 1875 de
726 1810 857 1874 nomine
873 1811 944 1894 ejus
960 1809 1137 1874 Westime

130 1911 178 1973 ria
193 1909 284 1972 dieta
297 1908 384 1972 fuit:
406 1908 441 1971 in
456 1929 522 1992 quo
536 1908 714 1992 inscriptus
728 1909 846 1974 titulus
860 1909 1051 1974 memoriam
1065 1907 1137 1992 ejus

131 2030 234 2092 usque
258 2008 294 2070 in
316 2007 511 2071 hodiernum
532 2008 618 2072 diem
643 2016 796 2072 testatur.
852 2007 1029 2092 Perempto
1058 2029 1138 2073 vero

132 2105 269 2180 Rodrie,
285 2105 377 2168 dedit
392 2103 519 2168 devicto
534 2107 664 2188 populo,
681 2107 828 2190 quicum
848 2128 887 2170 eo
901 2114 1046 2180 venerat,
1063 2125 1137 2188 per·-

131 2213 197 2268 tem
208 2202 361 2266 Albaniue
375 2202 418 2265 ad
432 2203 691 2280 inhabitandum,
699 2225 772 2288 quae
782 2203 980 2269 Cathenesie
990 2211 1135 2267 vocatur.

134 2303 215 2367 Erat
241 2309 355 2366 autem
384 2300 525 2378 deserta,
548 2303 639 2366 nullo
668 2303 853 2367 habitatore
885 2303 998 2366 multis
1023 2301 1138 2366 diebus

133 2401 264 2466 inculte.
314 2398 464 2482 Cumque
479 2420 599 2464 uxores
613 2421 681 2464 non
694 2401 863 2477 hebentes,
873 2401 957 2465 filies
972 2408 1006 2464 et
1021 2420 1139 2484 cogno

133 2510 183 2567 tes
198 2501 378 2565 Britonum
392 2500 434 2563 ab
445 2499 509 2563 illis
523 2508 684 2584 peterent,
701 2501 869 2586 dedignati
890 2510 968 2566 sunt
983 2501 1138 2566 Britones

134 2597 323 2684 hujusmodi
337 2597 458 2682 populo
472 2608 567 2662 netas
577 2619 653 2663 suas
668 2600 843 2664 maritare:
866 2607 901 2663 et
915 2599 963 2662 illi
978 2607 1017 2663 ut
1030 2601 1139 2684 repul-

21 2699 23 2720 l
135 2721 201 2765 sem
229 2698 322 2783 passi
355 2697 505 2774 fuerunt,
530 2697 828 2762 transfretaverunt
863 2698 898 2760 in
932 2696 1138 2775 Hibernium,

136 2799 366 2881 duxerrmtque
381 2817 422 2860 ex
443 2796 550 2879 patrie
564 2797 620 2860 illa
642 2797 806 2872 mulieres,
822 2818 863 2861 ex
887 2797 1006 2881 quibus
1021 2799 1139 2862 ooedu-

135 2905 210 2962 nete
241 2896 355 2960 sobole
375 2895 619 2959 multitudinem
642 2916 735 2959 suam
756 2904 929 2959 auxerunt.
983 2894 1050 2960 Sed
1071 2897 1141 2961 haee

135 2997 313 3060 haetenus:
347 3014 422 3056 oum
448 3014 513 3056 non
542 2993 769 3079 proposuerim
796 3001 941 3058 tractare
969 2994 1141 3059 historiam

138 3109 259 3170 eorum,
288 3093 359 3158 sive
386 3091 569 3170 Scotorum,
595 3094 652 3177 qui
678 3115 719 3158 ex
740 3093 804 3156 illis
822 3099 856 3158 et
879 3091 1141 3160 Hibernensibus

137 3194 296 3280 originem
318 3192 496 3256 duxerunt.
542 3191 590 3256 At
617 3190 758 3269 Marius,
775 3213 850 3256 uum
875 3200 979 3257 totam
1000 3192 1141 3258 insulem

138 3295 170 3357 in
184 3313 314 3358 summa
334 3311 413 3376 pene
435 3290 679 3375 composuisset,
696 3291 792 3375 eoepit
811 3311 955 3356 amorem
975 3311 1049 3355 oum
1072 3290 1139 3356 Ro-

136 3414 230 3457 mano
243 3391 367 3476 populo
380 3390 512 3465 habere,
524 3390 651 3454 tributu
660 3390 799 3466 solusne,
813 3411 886 3475 quse
897 3390 938 3454 ab
949 3390 1021 3474 ipso
1033 3389 1142 3473 exige-

139 3492 280 3556 bantur:
318 3490 466 3572 exemplo
496 3488 596 3551 etiem
631 3488 736 3573 petris
772 3489 938 3565 incitatus,
965 3487 1140 3572 justitiam,

139 3590 251 3676 legem,
269 3598 303 3652 et
318 3585 441 3672 paoem,
465 3595 499 3651 et
514 3586 623 3652 omnia
644 3587 783 3652 honesta
805 3608 864 3672 per
887 3607 1026 3673 regnum
1047 3607 1143 3652 suum

140 3690 319 3754 exercebat.
371 3753 373 3756 .
