2848 4888
379 529 535 572 srsrome
549 529 623 572 aas.
638 528 720 572 nam.
735 529 797 572 nm.
808 528 875 571 vm.
1083 511 1139 572 147

134 671 164 735 ei
178 672 309 737 obviam
324 682 362 738 ut
377 694 451 736 cum
469 674 540 757 ipso
557 673 844 758 congrederentur.
891 669 998 736 Porro
1014 679 1052 736 ut
1067 692 1138 736 sese

6 775 8 786 ¹
134 772 317 838 adinvicem
337 783 587 858 conspexerunt,
609 774 740 860 agmina
755 794 816 838 sua
828 772 864 836 in
879 780 1020 856 utraque
1043 779 1138 857 parte

134 878 333 949 statuerunt,
350 874 560 957 cominusque
575 873 765 937 accedentes
785 878 1033 956 pugnaverunt:
1057 892 1138 956 pug-

6 1004 8 1026 ι
131 986 245 1034 nantes
260 978 373 1034 autem
386 971 629 1035 interficiuntur
648 970 766 1034 milites
786 970 862 1033 hinc
882 977 916 1032 et
935 969 1023 1044 inde,
1051 977 1089 1033 ut
1103 970 1138 1033 in

6 1135 7 1138 ,
133 1068 191 1132 tali
221 1077 343 1133 eventu
372 1068 444 1133 fieri
472 1070 564 1134 solet.
616 1067 771 1153 Denique
800 1089 875 1132 cum
904 1068 1044 1131 multum
1074 1067 1138 1132 diei

6 1177 8 1261 ὲ
132 1168 345 1251 preterisset,
380 1169 553 1252 prevaluit
585 1167 715 1232 Uther:
753 1167 1001 1250 interfectisque
1036 1165 1139 1230 Gillo-

6 1271 8 1300 Ξ
133 1267 241 1330 manio
264 1273 299 1329 et
317 1264 499 1342 Pascentio,
521 1267 687 1351 triumpho
708 1267 832 1350 potitus
853 1275 913 1331 est.
961 1265 1138 1350 Fugientes

6 1409 8 1430 .
133 1364 245 1448 itaque
260 1361 412 1439 Barbari,
428 1365 668 1429 festinaverunt
688 1365 730 1429 ad
745 1386 844 1430 naves
861 1387 957 1430 suas:
982 1363 1039 1428 sed
1054 1362 1139 1448 fugi-

134 1463 215 1528 endo
231 1485 251 1526 a
275 1463 547 1547 persequentibus
575 1464 698 1528 civibus
724 1464 982 1530 trucidabantur.
1031 1463 1139 1527 Cessit

133 1581 268 1644 prorsus
283 1562 422 1625 victoria
433 1562 517 1637 duci,
533 1563 666 1628 favente
684 1562 828 1637 Christo,
846 1563 903 1646 qui
918 1571 993 1645 post
1009 1570 1139 1625 tantum

132 1660 286 1736 laborem,
303 1682 401 1744 quam
416 1660 511 1725 citius
525 1661 644 1745 potuit,
658 1682 829 1747 regressus
845 1670 897 1725 est
914 1661 1136 1725 Guintoniam.

133 1755 348 1822 Advenerent
367 1780 508 1842 namque
523 1760 644 1834 nuncii,
660 1760 717 1843 qui
736 1760 825 1845 regis
846 1781 957 1824 casum
976 1760 1139 1824 indicave-

6 1857 8 1878 '
133 1867 218 1934 rant,
235 1858 409 1943 ipsumque
419 1858 490 1942 jam
505 1859 545 1922 ab
568 1858 738 1943 Episcopis
752 1860 869 1944 patrie
889 1860 1053 1943 sepultum
1068 1879 1140 1924 esse

134 1977 235 2041 prope
266 1956 458 2021 Ooenobium
488 1956 627 2034 Ambrii‚
659 1960 747 2024 intra
776 1961 927 2024 choream
956 1959 1138 2045 gigantum,

135 2077 234 2140 quam
255 2056 369 2120 vivens
392 2055 464 2120 fieri
489 2066 698 2140 preceperat.
746 2056 869 2122 Audito
893 2058 1013 2123 etenim
1036 2058 1140 2142 ipsius

135 2154 237 2229 obitu,
253 2162 474 2218 convenerant
492 2154 527 2217 in
542 2156 657 2219 urbem
674 2155 888 2220 Guintoniam
910 2155 1086 2222 Pontifices
1106 2163 1141 2220 et

134 2248 291 2327 Abbates,
312 2259 413 2335 atque
432 2259 521 2316 totus
542 2253 646 2317 olemus
667 2253 814 2336 ejusdem
829 2254 1015 2338 provincie,
1043 2262 1077 2318 ct
1102 2261 1141 2318 ut

134 2359 265 2416 tantum
294 2372 407 2435 regem
436 2351 571 2417 decebat
599 2353 699 2418 funus
740 2354 839 2438 ipsius
870 2362 1139 2438 procuraverunt.

135 2449 180 2514 Et
191 2451 266 2535 quia
279 2450 393 2515 vivens
408 2452 514 2515 adhuc
528 2462 738 2536 preceperat,
755 2461 793 2516 ut
808 2453 843 2516 in
852 2454 1036 2517 cemeterio
1052 2453 1141 2537 quod

134 2549 203 2633 ipse
216 2558 390 2632 paraverat
412 2551 615 2635 sepeliretur,
638 2550 788 2615 tulerunt
808 2571 925 2633 corpus
941 2552 1011 2635 ejus
1027 2552 1141 2618 eodem

135 2657 234 2732 atque
249 2670 323 2713 cum
338 2649 502 2734 regalibus
518 2650 665 2733 exequiis
680 2651 908 2732 humaverunt.

248 2957 262 3038 ς
285 2957 333 3021 17.
355 2976 652 3020 vrnenrsvnaseov
673 2978 723 3020 mr
744 2978 808 3019 enx
829 2977 1017 3020 narremur.

232 3190 302 3203 2
373 3204 377 3205 γ
440 3115 600 3181 TUther
616 3116 721 3180 frater
751 3117 832 3200 ejus,
857 3125 1034 3181 convocato
1050 3118 1143 3202 regni

168 3254 195 3281 υ
388 3242 390 3245 ’
438 3217 524 3280 clero
540 3223 573 3279 et
592 3216 722 3299 populo,
748 3216 833 3300 cepit
849 3216 996 3280 diadema
1010 3217 1143 3280 insule:

230 3338 250 3383 τ,
346 3366 388 3400 ÷÷
438 3314 722 3397 annuentibusque
743 3315 866 3378 cunctis
887 3316 1078 3380 sublimatus
1094 3323 1144 3379 est

234 3418 257 3485 ,ἑ
438 3413 472 3474 in
487 3432 609 3496 regem.
657 3412 882 3477 Reminisoens
897 3414 1144 3496 autemexposi-

6 3569 7 3580 ,
121 3545 145 3569 2
212 3590 216 3591 γ
270 3484 393 3603 ᾗῇ
439 3511 548 3586 tionis,
581 3533 677 3595 qnam
704 3510 866 3576 Merlinus
893 3512 933 3576 de
957 3512 1144 3596 supradicto

441 3610 547 3674 sidere
576 3609 719 3674 fecerat:
751 3611 853 3693 jussit
882 3610 1035 3675 fabricari
1064 3611 1162 3675 dnos.

137 3708 292 3774 dracones
309 3731 350 3773 ex
362 3731 454 3784 auro,
473 3710 516 3772 ad
531 3709 681 3774 draconis
708 3709 964 3786 similitudinem,
992 3731 1088 3794 quem
1102 3710 1145 3773 ad

138 3809 268 3873 radium
283 3809 385 3872 stelle
400 3809 597 3896 inspexerat.
646 3808 711 3888 Qui
735 3818 772 3873 ut
795 3810 879 3878 mira
902 3818 974 3873 arte
994 3809 1144 3873 fabricati

139 3905 294 3971 fuerunt:
318 3907 438 3971 obtulit
453 3907 605 3993 nnumin
620 3908 755 3972 eeclesia
769 3909 882 3992 prime
903 3910 988 3973 sedis
1006 3907 1144 3972 Gninto-

18 3997 20 4004 ’
138 4005 216 4070 nie:
239 4006 380 4069 aiterum
401 4026 479 4069 vero
496 4006 556 4070 sibi
571 4007 613 4094 ad
630 4007 802 4070 ferendum
817 4009 851 4070 in
871 4008 983 4092 prebe
997 4008 1144 4073 retinnit.

138 4102 188 4168 Ab
210 4105 266 4169 illo
290 4125 368 4192 ergo
390 4104 442 4169 die
468 4114 603 4170 vocatus
627 4107 692 4170 fuit
718 4105 1037 4192 Utherpendragon:
1061 4109 1148 4191 quod

140 4201 330 4268 Britannica
349 4204 462 4289 lingua
482 4213 579 4288 caput
600 4205 749 4269 draconis
766 4206 974 4290 appellamus.
1021 4206 1146 4270 Idcirco

932 4333 996 4394 n2
