2862 4870
376 474 534 518 nrsronrn
548 474 621 517 ano.
643 474 727 517 nnn.
748 474 810 518 nm.
832 475 854 529 r,
1100 457 1137 516 11

131 621 202 683 lata
214 617 357 683 victoria
370 619 540 684 remeavit.
588 617 671 698 Quoe
686 627 725 682 ut
735 625 862 683 tantam
872 637 1007 682 suorum
1021 617 1139 684 animis

129 717 253 781 infudit
266 717 427 793 laetitiam,
443 717 584 802 inclytus
600 717 667 780 dux
682 717 824 802 majores
841 723 922 782 natu
937 717 1137 793 convocavit,

130 816 347 900 quaesivitque
370 816 412 880 ab
428 815 475 879 eis
491 815 570 900 quid
595 837 617 880 a
640 813 810 880 Pandraso
830 815 1008 900 petendum
1027 815 1139 881 lauda-

130 921 224 990 rent;
259 935 337 979 nam
352 936 427 978 cum
442 915 477 977 in
491 922 655 998 potestate
680 935 795 979 eorum
817 915 944 998 positus
967 923 1065 992 esset,
1080 935 1139 1000 per

131 1012 240 1077 omnia
253 1014 407 1098 petitioni
422 1035 536 1079 eorum
551 1013 783 1098 acquiesceret,
800 1013 828 1077 si
841 1013 925 1078 liber
939 1014 1031 1079 abire
1054 1014 1140 1080 sine-

131 1119 234 1176 retur.
284 1111 371 1176 Mox
393 1112 440 1176 illi
464 1112 603 1177 diversis
628 1112 800 1178 affectibus
815 1111 946 1179 diversa
959 1113 1139 1198 cupientes,

132 1231 206 1295 pars
221 1210 319 1296 regni
333 1219 462 1294 partem
476 1210 520 1275 ad
533 1210 782 1276 inhabitandum
801 1219 915 1294 petere
933 1212 1139 1288 hortabatur,

133 1330 207 1393 pars
222 1330 304 1374 vero
318 1309 484 1375 licentiam
498 1309 641 1374 abeundi
655 1317 689 1374 et
703 1330 744 1374 ea
758 1331 830 1394 qum
844 1309 957 1376 itineri
971 1330 1032 1376 suo
1047 1309 1142 1376 utilia

133 1408 253 1473 forent.
303 1407 454 1492 Cumque
468 1407 526 1472 diu
546 1408 581 1472 in
604 1407 758 1494 ambiguo
781 1407 980 1478 extitissent.
996 1409 1143 1474 surrexit

134 1527 218 1570 unus
234 1527 276 1570 ex
291 1505 357 1569 iliis
380 1505 597 1590 Mempricius
626 1508 768 1581 nomine,
792 1513 975 1592 rogatoque
999 1506 1140 1584 silentio,

135 1605 332 1670 audentibus
347 1605 466 1668 ceteris
481 1605 549 1669 ait:
596 1603 677 1669 “Ut
692 1605 774 1689 quid
787 1605 956 1682 haesitatis,
972 1613 1094 1691 patres,
1106 1607 1141 1671 in

135 1705 184 1768 his
211 1725 285 1789 quae
308 1703 408 1768 saluti
422 1709 539 1768 vestra
564 1723 640 1767 reor
659 1701 890 1768 accommoda?
911 1725 1015 1768 unum
1028 1713 1141 1790 peten-

136 1803 213 1866 dum
228 1809 290 1879 est,
307 1802 459 1866 videlicet
469 1802 602 1866 licentia
615 1801 768 1878 abeundi,
785 1801 814 1866 si
828 1802 921 1868 vobis
935 1804 1143 1888 posterisque

135 1901 254 1966 vestris
267 1908 415 1964 eternam
428 1921 541 1984 pacem
564 1900 685 1965 habere
708 1898 911 1966 desideratis.
957 1899 1045 1967 Nam
1059 1903 1089 1967 si
1102 1923 1143 1968 eo

136 2009 231 2085 pacto
246 2000 349 2064 vitam
360 1999 586 2064 concesseritis
601 1998 783 2074 Pandraso,
799 2007 838 2063 ut
851 2021 911 2084 per
926 2021 1001 2065 eum
1015 2010 1143 2085 partem

140 2098 274 2163 Graeciae
289 2098 400 2181 adepti
415 2099 502 2162 inter
517 2097 653 2162 Danaos
676 2119 810 2162 manere
832 2098 950 2173 velitis,
974 2121 1143 2185 nunquam

14 2173 17 2204 ”
138 2200 296 2263 diuturna
306 2219 387 2283 pace
400 2197 565 2273 fruemini,
582 2197 661 2261 dum
675 2197 808 2273 fratres,
827 2206 861 2262 et
875 2199 944 2275 filii,
960 2207 994 2264 et
1008 2209 1145 2284 nepotes

138 2319 251 2362 eorum
267 2297 387 2381 quibus
413 2296 601 2360 hesternam
621 2303 764 2382 stragem
784 2297 952 2374 intulistis,
976 2298 1069 2362 vobis
1083 2297 1143 2360 im·

138 2397 232 2462 mixti
247 2397 301 2461 vel
315 2395 413 2459 vicini
426 2394 561 2458 fuerint.
610 2393 746 2478 Semper
761 2394 848 2459 enim
867 2397 956 2461 necis
970 2405 1144 2480 parentum

139 2517 274 2560 suorum
288 2514 460 2568 memores,
477 2501 591 2557 eterno
606 2515 665 2558 vos
679 2493 847 2558 habebunt
854 2495 930 2559 odio
943 2519 951 2558 :
976 2494 1145 2579 quibusvis

139 2597 237 2660 etiam
252 2593 351 2678 nugis
365 2591 492 2656 incitati
512 2591 690 2656 vindictam
716 2612 845 2657 sumere
868 2593 1026 2659 nitentur.
1073 2592 1146 2658 Nec

14 2725 15 2732 κ
139 2693 241 2768 vobis,
258 2691 446 2776 pauciorem
461 2690 593 2754 turbam
607 2690 815 2766 habentibus,
833 2711 873 2756 ea
886 2692 936 2757 vis
951 2693 1025 2768 erit,
1042 2700 1080 2757 ut
1094 2701 1146 2758 tot

141 2793 260 2856 civium
270 2788 564 2874 inquietationibus
579 2788 731 2853 resistere
746 2789 884 2873 queatis.
932 2789 1033 2870 Quod
1046 2791 1075 2856 si
1090 2792 1146 2857 de-

141 2891 278 2956 certatio
293 2889 380 2952 inter
395 2908 453 2951 vos
473 2887 657 2963 accesserit,
680 2909 837 2953 numerus
861 2911 975 2954 eorum
1000 2892 1147 2976 quotidie

142 2989 337 3074 augebitur:
371 2993 480 3050 vester
506 3006 584 3050 vero
610 2985 784 3050 minueter.
830 2986 948 3052 Laudo
977 2989 1080 3075 igitur
1108 2999 1147 3055 ut

140 3087 259 3171 petatis
275 3086 317 3150 ab
329 3106 368 3148 eo
384 3105 477 3148 suam
491 3083 592 3147 filiam
606 3084 868 3169 primogenitam,
886 3107 984 3170 quam
1000 3086 1148 3174 Ignogen

141 3193 269 3261 vocant,
286 3183 375 3247 Duci
389 3189 504 3246 nostro
516 3182 689 3267 conjugem
704 3190 737 3247 et
752 3205 826 3247 cnm
846 3205 886 3248 ea
902 3206 1020 3250 aurum
1042 3195 1076 3252 et
1094 3208 1147 3251 ar-

141 3293 288 3371 gentum,
313 3302 414 3346 naves
438 3287 473 3346 ct
489 3280 716 3346 frumentum:
754 3290 788 3346 et
803 3285 1022 3369 quodcunque
1036 3284 1148 3348 itineri

142 3390 254 3447 nostro
269 3380 492 3445 necessarium
506 3379 579 3443 erit.
627 3378 673 3444 Et
688 3379 717 3443 si
730 3380 766 3443 id
776 3380 953 3466 impetrare
967 3383 1148 3468 poterimus

141 3482 271 3546 licentia
285 3479 389 3564 ipsius
404 3478 484 3542 aiias
499 3477 649 3543 nationes
660 3484 844 3561 petamns'’
