2848 4888
279 479 338 540 184
596 497 706 540 omna.
729 497 970 541 uoununrausu

276 638 481 704 intuentibus
496 639 568 706 fieri
583 639 767 706 silentium:
791 641 919 707 dicebat
933 649 1043 707 autem
1064 661 1100 706 sc
1114 659 1182 705 non
1196 640 1283 705 inve·

276 738 365 803 nisse
380 739 480 802 elium
501 747 601 804 tantae
616 741 760 816 virtutis
781 749 955 825 postquam
970 740 1150 805 Rithonem
1170 741 1282 824 gig'au-

274 843 343 898 tem
357 835 392 898 in
415 834 539 902 Aravio
559 846 670 902 monte
688 837 862 914 interfecit,
889 839 946 922 qui
969 860 1045 904 eum
1071 838 1114 901 ad
1136 837 1283 921 praelium
1316 844 1333 875 t·

275 935 481 1000 invitaverat.
543 935 610 1000 Hic
645 957 786 1020 namque
823 958 864 1000 ex
900 937 1010 1001 barbis
1046 957 1164 1021 regum
1203 955 1282 1019 quos

274 1043 469 1118 peremerat,
492 1035 617 1100 fecerat
640 1035 702 1099 sibi
724 1037 835 1119 pelles,
862 1044 896 1100 et
921 1036 1134 1100 mandaverat
1159 1033 1284 1098 Arturo

272 1141 311 1197 ut
325 1133 460 1198 barbam
475 1155 568 1199 suam
583 1135 754 1220 diligenter
767 1134 957 1211 excoriaret,
970 1142 1070 1220 atque
1081 1133 1281 1198 excoriatam

275 1231 338 1296 sibi
363 1233 538 1318 dirigeret:
560 1243 598 1298 ut
623 1233 896 1317 quemadmodum
919 1233 988 1317 ipse
1008 1233 1126 1297 ceteris
1141 1239 1284 1317 praeerat

272 1332 417 1416 regibus,
444 1333 492 1397 ita
521 1354 651 1417 quoque
679 1334 714 1396 in
743 1334 901 1396 honorem
926 1331 998 1414 ejus
1025 1331 1142 1394 ceteris
1172 1331 1282 1395 barbis

274 1427 378 1512 ipsam
404 1440 645 1516 superponeret.
694 1431 753 1495 Sin
775 1439 896 1506 autem,
919 1429 1116 1513 provocabat
1142 1429 1284 1492 eumad

274 1529 440 1610 praelium:
464 1538 497 1594 ct
512 1531 567 1615 qui
581 1530 700 1594 fortior
716 1529 968 1614 supervenisset,
983 1528 1083 1613 pelles
1099 1536 1133 1592 et
1147 1527 1284 1591 barbam

275 1627 394 1691 devicti
418 1629 557 1695 tulisset.
615 1628 703 1692 Inito
728 1629 838 1712 itaque
862 1626 1048 1701 certamine,
1069 1625 1285 1709 triumphavit

273 1722 430 1800 Arturus,
446 1733 480 1790 ct
501 1727 635 1791 barbam
650 1727 783 1790 alterius
807 1726 893 1810 cepit
908 1733 941 1790 et
957 1724 1103 1808 spolium,
1121 1731 1155 1787 et
1170 1731 1285 1806 postea

274 1823 355 1885 nulli
384 1823 515 1888 fortiori
541 1825 606 1889 isto
636 1825 834 1899 obviaverat,
861 1831 898 1887 ut
928 1822 1073 1906 superius
1103 1823 1282 1886 asserebat.

274 1919 422 1986 Victoria
440 1923 543 2007 igitur
568 1924 617 2005 (ut
639 1923 831 2006 pradictum
855 1923 920 2006 est)
943 1921 1076 2004 potitus,
1092 1920 1127 1983 in
1144 1922 1284 1984 secundo

273 2019 378 2084 noctis
394 2020 534 2085 diluculo
549 2021 591 2084 ad
605 2022 749 2086 tentoria
764 2042 822 2085 sua
836 2042 910 2084 cum
922 2019 1027 2103 capite
1039 2027 1284 2084 remeaverunt:

273 2119 315 2183 ad
352 2120 441 2203 quod
477 2119 705 2184 admirandum
741 2119 931 2184 catervatim
969 2119 1215 2193 concurrebant,
1253 2117 1284 2182 ei

272 2219 470 2283 ascribentes
492 2218 617 2293 laudes,
640 2219 697 2302 qui
712 2218 852 2302 patriam
875 2239 895 2281 a
919 2224 1012 2281 tanta
1037 2216 1181 2299 ingluvie
1204 2216 1283 2279 libe-

271 2325 413 2381 raverat.
475 2317 522 2381 At
553 2316 680 2380 Hoelus
711 2318 752 2381 ob
782 2337 893 2380 casum
916 2336 985 2379 suae
1020 2315 1128 2398 neptis
1165 2313 1281 2389 tristis,

270 2416 426 2501 pracepit
456 2415 614 2481 adificare
642 2415 809 2480 basiliam
839 2436 935 2499 super
965 2435 1081 2498 corpus
1118 2412 1222 2497 ipsius
1248 2413 1282 2476 in

271 2523 382 2579 monte
398 2537 463 2601 quo
474 2515 614 2599 jacebat,
631 2514 686 2598 qui
700 2536 819 2578 nomen
834 2535 874 2578 ex
884 2514 1011 2578 tumulo
1022 2513 1140 2597 puella
1153 2520 1280 2588 nectua,

275 2612 403 2679 'lumba
418 2613 566 2688 Helena,
582 2633 688 2697 usque
702 2613 736 2677 in
747 2613 942 2678 hodiernum
958 2612 1053 2688 diem,
1070 2619 1215 2676 vocatur.

314 2885 329 2966 ς
350 2888 379 2946 4.
401 2902 511 2946 rurrua
532 2901 637 2945 ruera
650 2901 716 2946 cuu
730 2902 887 2946 noumrs:
909 2901 1062 2945 rnraarus
1083 2901 1182 2945 corrn
1200 2900 1240 2942 nr

562 3008 628 3051 nun
643 3009 767 3051 cirrrvr
781 3009 988 3052 sinuamina.

289 3188 300 3213 ,a
389 3154 392 3155 ν
574 3119 889 3187 ONGREGATIS
910 3121 1043 3185 tandem
1059 3121 1184 3184 cunctis
1200 3142 1279 3206 quos

499 3220 502 3221 ⁷
572 3228 800 3304 expectaverat
823 3219 980 3296 Arturus,
1007 3220 1094 3282 illinc
1113 3219 1280 3304 Augusto-

280 3382 281 3386 ,
316 3312 320 3315 ⁸
359 3313 372 3367 ’ἶ
458 3300 523 3375 W.
573 3320 696 3383 dunum
721 3320 942 3405 progreditur,
970 3319 1025 3383 ubi
1048 3319 1279 3402 imperatorem

482 3386 531 3503 Ξ
572 3440 643 3482 esse
656 3419 873 3483 existimabat.
922 3417 970 3482 Ut
981 3426 1091 3481 autem
1102 3417 1145 3480 ad
1160 3415 1280 3481 Albam

287 3484 356 3657 ΕΩ
382 3532 438 3593 r..
465 3506 534 3592 ἕ,
571 3517 708 3580 fluvium
748 3518 849 3593 venit,
885 3517 1118 3580 annunciatum
1154 3524 1206 3579 est
1237 3517 1277 3592 ei,

316 3622 317 3625 ’
344 3610 366 3631 “⁴
571 3616 664 3679 illum
676 3624 784 3680 castra
806 3637 866 3678 sua
880 3637 946 3678 non
961 3616 1057 3700 longe
1071 3614 1230 3698 posuisse,
1247 3623 1279 3679 ct

271 3722 365 3779 tanto
390 3713 541 3778 incedere
571 3715 728 3790 exercitu,
751 3722 874 3798 quanto
901 3713 952 3796 (ut
967 3713 1111 3796 aiebant)
1127 3714 1279 3777 resistere

170 3891 175 3903 ⁸
271 3812 432 3896 nequiret.
479 3809 550 3876 Nec
564 3812 685 3877 idcirco
699 3812 896 3896 perterritus
908 3812 1020 3896 coaptis
1036 3811 1104 3874 suis
1121 3811 1279 3876 desistere

270 3911 384 3986 voluit,
401 3909 459 3973 sed
475 3929 572 3994 super
587 3911 692 3993 ripam
706 3911 847 3974 fluminis
864 3918 972 3974 castra
983 3931 1043 3973 sua
1056 3917 1200 3973 metatus
1216 3917 1277 3986 est,

270 4011 359 4075 unde
381 4017 492 4093 posset
518 4009 698 4074 exercitum
724 4030 820 4073 suum
845 4010 947 4074 libere
974 4009 1165 4084 conducere,
1194 4009 1279 4073 etsi

273 4129 355 4194 opus
370 4116 467 4183 esset,
484 4129 555 4173 sese
569 4104 657 4172 intra
672 4129 711 4172 ea
725 4110 880 4194 recipere.
928 4107 1024 4173 Duos
1037 4116 1147 4172 autem
1162 4129 1278 4172 consu-

271 4211 330 4286 les,
343 4205 505 4272 Bosonem
518 4196 756 4272 Devadoboum
773 4217 807 4272 et
824 4207 1006 4274 Guarinum
1021 4207 1277 4274 Oarnotensem:
