2862 4870
396 480 817 526 nrsronrnnno.nn1r.nm.
838 479 886 523 111.
1104 461 1144 522 53

144 625 275 695 subditis
298 633 552 718 suggessissent,
575 640 614 696 ut
637 630 680 696 sd
702 652 738 696 se
758 630 959 695 visitandum
982 627 1142 693 venirent.

145 727 288 812 Cumque
317 731 430 794 eunoti
459 731 494 794 in
516 731 632 795 urbem
656 751 723 815 qun
742 730 874 815 jacebat
899 728 1145 794 convenissent:

142 828 288 911 praeoepit
314 837 355 892 ut
381 830 607 913 unusquisque
631 830 811 894 thalamum
835 850 931 892 suum
957 827 1146 914 singillatim

143 931 175 988 et
188 926 255 990 sine
265 929 415 992 tumultu
429 929 667 1015 ingrederetur.
713 928 894 993 Asserebst
913 927 1000 992 enim
1024 947 1146 992 sermo-

143 1042 212 1086 nem
225 1026 373 1108 plurium
388 1029 486 1112 ospiti
502 1049 561 1092 suo
576 1029 773 1103 nociturum,
786 1027 815 1092 si
829 1027 1021 1120 ontervstim
1033 1047 1146 1110 snper-

143 1123 314 1202 venissent,
363 1125 526 1190 Credulus
542 1147 621 1212 ergo
632 1125 772 1210 quisque
782 1125 924 1210 jussioni
939 1125 1010 1210 ejus
1024 1125 1146 1209 paruit,

21 1291 22 1298 ἵ
144 1227 175 1284 et
198 1223 426 1308 unusquisque
455 1233 530 1310 post
558 1225 700 1288 alterum
725 1224 857 1289 domum
887 1224 1056 1310 ingressus
1085 1231 1147 1289 est.

147 1318 294 1406 Singulos
325 1323 438 1407 itaque
474 1323 706 1409 ingredientes,
744 1321 953 1408 praecipiebat
990 1321 1149 1388 Elidurus

145 1418 310 1496 ministris,
338 1421 396 1503 qui
419 1420 462 1484 ad
484 1421 546 1485 hoo
574 1421 682 1506 parati
711 1428 816 1498 erant,
848 1441 974 1505 capere,
1005 1420 1150 1506 ipsisque

146 1518 246 1601 oapits
260 1527 444 1602 amputare,
467 1519 531 1583 nisi
546 1541 581 1584 se
602 1519 723 1584 iterum
745 1518 955 1605 Arthgnlloni
977 1518 1075 1583 fretu
1090 1539 1150 1584 suo

147 1617 379 1683 submisissent.
442 1617 497 1682 Sio
516 1617 658 1683 faciebat
684 1618 860 1702 separatim
886 1618 928 1682 de
947 1618 1084 1694 eunetis,
1115 1626 1150 1684 et

146 1735 252 1780 omnes
267 1714 479 1801 Arthgslloni
492 1716 657 1781 mediante
680 1717 800 1781 timore
823 1715 1014 1800 pacificavit.
1062 1716 1149 1782 Oon-

146 1815 271 1881 firmato
286 1815 428 1906 denique
442 1815 575 1898 foedere,
600 1815 695 1880 duxit
718 1814 877 1882 Elidurus
899 1815 1150 1902 Arthgnllonem

148 1914 345 1980 Eboracum:
361 1915 519 2001 ‚cepitque
542 1915 692 1979 diadema
715 1915 756 1978 de
778 1915 884 1998 eapite
900 1935 970 1992 suo,
987 1923 1022 1980 et
1035 1916 1150 1983 fratris

147 2016 240 2100 ospiti
254 2015 422 2099 imposuit.
469 2013 567 2078 Unde
590 2014 727 2078 sortitus
751 2021 802 2078 est
816 2014 878 2078 hoo
900 2035 1030 2079 nomem
1046 2012 1150 2078 Pius:

147 2115 221 2198 quia
233 2115 424 2198 praediotsm
441 2113 597 2197 pietatem
620 2113 819 2186 infrenem
844 2113 1014 2178 habuerat.
1061 2112 1152 2199 Reg-

146 2214 233 2278 navit
248 2235 328 2299 ergo
344 2212 518 2297 Arthgallo
546 2211 657 2276 decem
679 2211 784 2288 annis,
813 2219 846 2275 et
873 2233 944 2276 sese
962 2212 1003 2275 sb
1023 2211 1153 2295 inceptu

146 2313 290 2396 nequitia
313 2311 478 2375 correxit:
511 2311 582 2375 viee
608 2310 728 2375 etenim
751 2330 847 2374 verse
873 2311 968 2400 coepit
993 2311 1153 2396 ignobiles

147 2410 317 2493 deponere,
355 2417 389 2474 et
417 2429 594 2494 generosos
624 2409 779 2473 exaltare.
826 2407 926 2488 Quod
956 2431 1052 2474 suum
1082 2418 1154 2477 erat

147 2509 320 2592 unicuique
349 2508 550 2591 permittere,
581 2515 771 2589 rectamque
794 2507 959 2591 justitiam
989 2529 1152 2574 exercere.

150 2605 302 2691 Denique
325 2607 575 2690 superveniente
604 2607 763 2690 languore
794 2605 924 2682 defecit,
950 2614 984 2670 et
1013 2607 1048 2670 in
1070 2607 1153 2671 urbe

148 2704 296 2775 Keerleir
312 2708 459 2797 sepultus
475 2713 536 2770 est.

178 2967 193 3048 ξ
215 2969 265 3028 18.
286 2983 444 3027 numurus
465 2983 644 3038 snonnnun,
665 2982 704 3024 nr
725 2981 800 3026 rosr
821 2982 1017 3027 rnnnnunnn
1037 2985 1119 3028 non-

452 3090 539 3132 rnon
560 3088 699 3131 rnnrruu
721 3087 854 3131 susum.

169 3246 390 3465 G‘
448 3199 1155 3386 lutulentus

273 3400 276 3401 ⁷
307 3381 321 3404 ἶ
349 3384 406 3467 (l
449 3401 529 3463 dum
546 3399 796 3464 Gorbonisnum
817 3399 1072 3485 primogenitum
1087 3400 1155 3463 frn-

317 3528 321 3529 ⁷
386 3540 390 3553 2
447 3507 533 3563 trem
549 3518 647 3561 suum
667 3497 806 3561 inomni
830 3499 978 3563 bonitate
1004 3519 1156 3582 sequere-

172 3608 238 3683 „ss
308 3636 397 3685 ἐξ
448 3605 523 3660 tur:
548 3595 612 3660 duo
628 3595 752 3660 residui
766 3595 888 3660 fratres
904 3596 976 3681 ejus
996 3597 1156 3681 Vigenius

394 3692 404 3707 ²
449 3705 483 3760 et
499 3694 690 3759 Peredurus
705 3694 849 3759 eolleotis
864 3695 1011 3778 undique
1020 3696 1157 3760 armatis

151 3812 221 3856 oum
245 3793 301 3857 illo
322 3792 464 3876 praeliari
479 3793 728 3879 aggrediuntur.
775 3792 881 3858 Potiti
904 3816 983 3859 vero
1008 3795 1155 3870 victoria,

152 3900 306 3974 oeperunt
321 3891 472 3970 illum‚et
491 3893 580 3956 intra
594 3893 714 3956 turrim
729 3893 820 3957 urbis
839 3890 1082 3958 Trinovsntiuae
1108 3893 1158 3957 in-

153 3989 328 4066 cluserunt,
352 3991 556 4075 imponentes
572 3991 734 4055 custodes.
781 3989 864 4054 Post
886 4012 925 4054 es.
946 3992 1060 4075 partiti
1083 4000 1160 4056 sunt

153 4107 288 4173 regnum
303 4089 336 4151 in
357 4089 443 4153 duo:
468 4090 561 4173 eujus
584 4110 661 4173 pars
685 4109 758 4173 quae
782 4089 823 4152 ab
848 4087 1001 4154 Humbro
1027 4090 1159 4154 flumine

155 4187 349 4256 occidentem
373 4211 488 4254 versus
517 4190 636 4275 vergit,
660 4189 694 4253 in
720 4198 841 4254 sortem
866 4189 982 4255 cecidit
1008 4189 1157 4275 Vigenio.
