2872 4876
422 537 576 586 ursronnn
591 543 663 591 aaa.
676 547 757 594 carr,
773 553 834 597 nra.
850 555 906 602 xn.
1103 553 1163 612 225

154 673 238 738 tium
253 676 459 748 habebamus.
497 685 661 756 Incumbit
676 714 755 780 ergo
770 697 856 765 illius
872 709 1043 786 potestatis
1059 714 1162 790 ultio:

155 794 228 856 quaa
239 796 299 839 nos
316 798 357 841 ex
372 783 473 846 natali
489 787 557 850 solo
566 789 727 875 extirpat:
751 817 833 879 quos
844 821 904 866 neo
916 805 992 870 olim
1008 807 1160 893 Romani,

154 893 214 936 nec
239 874 358 940 deinde
389 879 479 945 Sooti
505 886 557 948 vel
589 886 694 956 Picti:
731 915 792 959 nec
820 910 963 968 versutae
994 907 1160 979 Saxonum

153 971 355 1054 proditiones
392 983 610 1050 exterminare
643 990 827 1072 quiverunt.
876 999 942 1065 Sed
977 1005 1011 1069 in
1040 1030 1160 1078 vanum

150 1071 293 1151 patriam
322 1083 437 1142 contra
461 1080 534 1146 illos
557 1085 656 1151 toties
682 1098 964 1176 recuperavimus:
996 1126 1070 1172 cum
1093 1133 1160 1177 non

151 1168 215 1233 fuit
227 1170 296 1235 Dei
310 1175 470 1255 voluntas,
487 1189 524 1244 ut
540 1182 574 1246 in
589 1206 628 1249 ea
642 1200 798 1273 perpetuo
813 1215 1034 1280 regnaremus
1083 1208 1159 1294 Ipse

151 1291 250 1334 verus
260 1272 376 1354 judex,
397 1296 471 1340 oum
490 1279 626 1348 vidisset
648 1307 707 1353 nos
730 1291 915 1362 nullatenus
939 1321 959 1364 a
985 1306 1157 1376 sceleribus

149 1371 272 1434 nostris
298 1392 426 1438 cessare
452 1377 544 1455 velle,
576 1402 613 1446 ac
642 1389 804 1454 neminem
833 1407 935 1478 genus
964 1411 1111 1471 nostrum
1138 1433 1158 1475 a

150 1487 253 1552 regno
269 1471 432 1553 expellere
452 1497 569 1558 posse:
591 1483 704 1548 volens
725 1489 889 1576 corripere
905 1501 1034 1579 stultos
1050 1507 1156 1595 indig-

149 1566 317 1632 nationem
334 1591 427 1635 suam
442 1574 573 1653 direxit,
592 1602 658 1664 qua
676 1588 842 1671 propriam
861 1595 1026 1665 nationem
1050 1615 1154 1672 cater-

148 1665 250 1728 vatim
266 1667 454 1736 deserimus.
501 1674 621 1743 Redite
636 1703 725 1767 ergo,
748 1685 911 1758 Romani:
934 1699 1039 1766 redite
1065 1705 1154 1772 Scoti

149 1770 181 1826 et
207 1763 314 1830 Picti:
351 1769 456 1834 redite
486 1771 670 1844 Ambrones
700 1791 733 1847 et
759 1786 926 1858 Saxones:
961 1820 1034 1865 ecce
1062 1814 1153 1888 patet

147 1861 238 1926 vobis
260 1863 442 1944 Britannia,
463 1871 513 1936 ira
529 1872 595 1938 Dei
611 1877 760 1947 deserta:
783 1907 881 1969 quam
906 1913 964 1958 vos
989 1899 1152 1969 desertam

146 1959 254 2025 facore
274 1965 477 2047 nequivistis
524 1971 601 2037 Non
623 1997 683 2042 nos
698 1980 859 2050 fortitudo
874 2001 984 2059 vestra
999 2002 1150 2083 expellit:

146 2058 203 2121 sed
228 2063 347 2126 summi
375 2067 464 2152 regis
492 2074 649 2153 potentia,
676 2099 771 2164 quam
794 2105 960 2171 nunquam
986 2096 1151 2169 offendere

147 2148 339 2226 distulimus.

171 2409 186 2490 ξ
209 2410 257 2473 16.
280 2429 432 2479 canorus
454 2438 582 2486 mmun
603 2445 711 2492 uranu
732 2450 871 2502 rurum:
893 2459 1028 2510 saxosus
1050 2469 1127 2516 rora

457 2545 625 2593 amrinum
646 2553 831 2604 corrumpe.

244 2653 249 2657 “
316 2672 401 2745 '52⁵1'
445 2655 472 2720 T
495 2660 597 2745 igitur
612 2665 698 2732 inter
713 2670 772 2735 hos
798 2683 831 2738 et
854 2679 933 2746 alios
954 2689 1095 2770 gemitus
1111 2697 1145 2761 in

352 2752 365 2775 ³
441 2755 691 2829 Armorioanum
729 2769 822 2836 littus
859 2782 1013 2862 appulsus
1058 2791 1143 2860 fuit:

241 2840 280 2893 pa
312 2894 336 2921 ,
379 2852 392 2939 l
440 2856 530 2920 ve'nit
562 2882 636 2925 cum
673 2872 743 2930 tota
772 2873 982 2946 multitudine
1012 2906 1072 2953 sua
1100 2895 1143 2958 ad

244 3020 249 3047 1
271 3002 295 3045 ,p
312 2936 339 2993 *b
439 2973 550 3038 regem
576 2957 719 3027 Alanum
751 2966 939 3046 Salomonis,
970 2997 1142 3068 nepotem:

151 3044 153 3047 ’
235 3042 249 3065 l
263 3036 301 3119 ll
328 3038 395 3133 :th
438 3060 472 3116 et
487 3055 527 3118 ab
542 3055 598 3121 illo
608 3059 706 3146 digne
717 3078 887 3152 susceptus
904 3087 962 3143 est.
1010 3083 1142 3153 Britan-

175 3128 177 3135 '
291 3138 340 3177 ⁷⁵
437 3149 492 3213 nia
536 3173 614 3240 ergo
648 3163 773 3228 cunctis
817 3170 951 3250 civibus,
997 3191 1139 3270 exceptis

136 3238 257 3317 pauciS,
275 3241 392 3322 quibus
402 3243 436 3307 in
453 3247 659 3320 Gualliarum
672 3264 820 3343 partibus
835 3290 923 3337 mors
938 3297 1138 3363 pepercerat,

136 3334 290 3414 desolata,
306 3360 365 3423 per
380 3346 531 3412 undecim
555 3374 658 3420 annos
679 3358 871 3433 Britonibus
887 3372 1050 3446 horrenda
1064 3385 1137 3452 fuit.

137 3431 320 3501 Saxonibus
343 3462 473 3526 quoque
495 3450 609 3516 eadem
638 3462 833 3543 tempestate
861 3469 1000 3557 ingrata,
1025 3485 1082 3564 qui
1104 3486 1138 3550 in

133 3531 187 3596 illa
202 3533 273 3598 sine
292 3536 532 3611 intermissione
550 3553 784 3627 moriebantur.
832 3565 983 3647 Quorum
1003 3582 1136 3662 residui,

133 3651 205 3694 cum
231 3641 300 3697 tam
324 3637 436 3704 feralis
467 3644 537 3710 lues
565 3657 765 3736 cessavisset,
793 3669 982 3738 continuum
1012 3700 1137 3749 morem

133 3739 310 3808 servantes,
334 3739 572 3810 nunciaverunt
595 3749 781 3823 concivibus
805 3765 873 3830 suis
889 3768 923 3832 in
948 3772 1135 3861 Germania,

133 3826 339 3894 Britanniam
368 3835 508 3904 insulam
538 3844 693 3932 indigena
717 3867 816 3940 gente
839 3877 1014 3952 carentem,
1041 3879 1137 3949 facile

131 3925 191 3991 illis
223 3931 436 4011 subdendam,
475 3941 552 4006 siin
581 3945 670 4013 illam
704 3954 884 4028 habitaturi
914 3977 1133 4050 convenirent.

132 4024 230 4104 Quod
255 4051 326 4093 oum
351 4033 430 4118 ipsis
454 4037 633 4111 indicatum
654 4050 782 4133 fuisset,
810 4063 971 4136 nefandus

129 4123 191 4200 ille,
220 4129 355 4194 collecta
391 4134 617 4208 innumerabili
661 4154 871 4228 multitudine
915 4171 1060 4241 virorum
1097 4201 1135 4246 ao

128 4226 310 4306 mulierum,
342 4233 497 4316 applicuit
526 4240 560 4303 in
595 4255 705 4328 partes
737 4253 1068 4341 Northanhumbriae:
1100 4288 1134 4344 et

979 4387 1000 4441 Q

996 4081 1136 4162 populus
