2862 4870
431 473 590 518 msromm
604 473 677 518 sse.
692 473 775 518 sarr.
789 473 852 519 nm.
866 473 909 517 ιι.
1133 455 1175 518 63

163 614 247 680 rum.
293 614 382 681 Mox
398 638 475 681 eum
490 617 552 682 diis
568 618 636 682 suis
650 620 791 683 honores
810 616 1035 702 perfecissent,
1051 619 1174 684 rofece-

163 722 245 777 runt
267 735 302 778 se
315 715 463 780 residuis
486 716 610 800 epulis:
640 724 680 780 ut
694 716 729 780 in
749 716 916 782 sacrificiis
937 716 1012 781 fieri
1037 719 1172 786 solebat.

165 809 255 877 Exin
269 815 358 899 quod
375 814 441 879 diei
465 823 499 879 et
520 816 626 881 noctis
640 815 797 890 restabat,
815 815 961 880 diversos
976 815 1072 880 ludos
1087 839 1174 882 corn-

163 921 325 994 ponentes
338 921 585 998 transegerunt.
631 913 838 985 Ludentihus
861 935 940 1000 ergo
962 914 1053 1000 ipsis,
1070 917 1173 982 couti·

163 1011 215 1096 git
229 1011 368 1098 inclytos
375 1013 527 1096 juvenes,
544 1034 685 1097 quorum
696 1014 780 1077 alter
789 1021 861 1078 erat
868 1033 970 1097 nepos
980 1013 1079 1100 regis,
1090 1016 1174 1080 alter

163 1131 244 1173 vero
260 1109 432 1196 Androgei
444 1111 547 1187 ducis,
562 1113 688 1196 pariter
702 1112 737 1175 in
750 1113 903 1197 palaestra
917 1113 1124 1190 contendere,
1140 1123 1174 1179 et

165 1209 209 1272 ob
236 1209 370 1273 dubiam
400 1209 571 1274 victoriam
598 1210 741 1296 litigare.
788 1209 872 1275 Erat
900 1233 1020 1276 nomen
1045 1214 1175 1298 nepotis

164 1307 254 1392 regis
285 1306 478 1393 Hirelglas:
516 1309 652 1372 alterius
681 1330 761 1374 vero
792 1308 960 1374 Evelinus.
1030 1308 1098 1390 Qui
1135 1320 1174 1376 ut

163 1414 281 1470 mutua
295 1407 439 1471 convitia
453 1407 496 1470 ad
507 1407 645 1471 invicem
655 1407 854 1484 intulissent,
864 1407 1006 1493 arripuit
1016 1407 1174 1474 Evelinus

161 1504 320 1590 gladium,
337 1505 514 1589 nepotique
529 1505 618 1591 regis
641 1514 740 1590 caput
758 1506 962 1590 amputavit:
991 1528 1057 1591 quo
1072 1508 1173 1572 inter-

163 1602 251 1666 fecto
280 1604 475 1688 perturbata
500 1604 600 1679 curia,
627 1613 661 1668 et
682 1624 796 1668 rumor
819 1604 862 1668 ad
894 1603 1174 1670 Cassibellaunum

163 1701 296 1767 volavit.
346 1702 539 1767 Commotus
561 1703 663 1789 igitur
679 1722 778 1786 super
793 1723 869 1766 casn
884 1701 979 1766 amici
995 1703 1047 1767 sui
1063 1703 1173 1770 Cassi·

162 1799 335 1864 bellaunns
352 1799 530 1886 Androgeo
545 1801 699 1887 praeoepit
721 1809 760 1864 ut
784 1799 959 1865 Evelinum
983 1801 1018 1865 in
1041 1805 1173 1870 tertiam

162 1898 279 1962 horam
294 1921 408 1964 coram
421 1901 596 1984 praesentia
607 1921 667 1964 sua
678 1899 866 1964 adduceret.
912 1896 1082 1966 Adductus
1092 1924 1173 1987 quo·

163 2017 226 2080 que
240 2007 366 2083 praesto
390 2007 478 2064 esset
504 1998 701 2063 sententiam
724 2019 821 2082 quam
844 2018 996 2081 proceres
1012 1998 1175 2066 dictarent

163 2097 287 2172 subire,
319 2119 361 2161 ne
391 2096 561 2183 Hirelglas
589 2095 710 2161 inultus
738 2104 955 2181 permaneret,
987 2097 1015 2162 si
1051 2098 1174 2182 injuste

163 2195 362 2260 interfectus
376 2195 505 2261 fuisset.
552 2195 699 2280 Cumque
714 2196 859 2260 animum
884 2196 972 2282 regis
988 2207 1173 2281 suspectum

162 2294 304 2358 haberet
317 2293 525 2381 Androgeus,
541 2294 711 2379 respondit
726 2316 797 2359 sese
809 2315 899 2358 suem
911 2295 1171 2372 euriamhabere,

163 2393 247 2456 etin
273 2393 332 2457 illa
356 2393 485 2457 definiri
510 2393 630 2458 debere
653 2393 802 2478 quicquid
825 2393 944 2478 aliquis
967 2393 1002 2455 in
1025 2394 1173 2460 homines

163 2510 240 2555 suos
256 2493 425 2556 clamaret.
473 2491 510 2556 Si
521 2513 600 2578 ergo
614 2491 846 2556 rectitudinem
858 2492 898 2556 de
909 2490 1046 2556 Evelino
1062 2492 1172 2558 deere-

162 2589 265 2654 visset
281 2599 459 2675 appetere:
482 2591 587 2674 ipsum
600 2591 636 2655 in
650 2591 733 2654 urbe
750 2589 952 2654 Trinouanto
967 2611 1008 2655 ex
1025 2599 1173 2656 veterum

162 2689 344 2754 traditione
355 2689 542 2774 recepisset.
589 2689 851 2754 Cassibellaunus
866 2689 979 2774 itaque
993 2711 1067 2754 cum
1076 2691 1172 2756 affec-

162 2787 215 2852 tui
224 2809 283 2852 suo
294 2788 556 2852 satisfactionem
563 2787 765 2872 nequivisset
776 2787 943 2873 ingerere:
956 2789 1173 2856 comminatus

164 2894 215 2950 est
230 2885 423 2972 Androgeo,
446 2894 572 2950 testans
597 2907 633 2950 se
657 2886 748 2950 ferro
775 2893 808 2950 et
822 2885 953 2949 flemma
971 2887 1172 2971 provinciam

164 2985 236 3068 ejus
251 2985 497 3069 populaturum,
513 2984 577 3048 nisi
590 2983 743 3068 petitioni
758 3003 826 3048 suae
840 2983 1070 3068 acquiesceret.
1117 2987 1172 3052 In-

164 3083 321 3169 dignatus
338 3104 418 3169 ergo
432 3081 631 3168 Androgeus
647 3082 773 3146 distulit
791 3083 943 3167 petitioni
958 3083 1029 3168 ejus
1044 3107 1170 3170 perere.

164 3181 363 3267 Indignatus
378 3190 487 3246 autem
501 3181 775 3257 cassibellaunus,
785 3182 977 3247 acceleravit
987 3185 1171 3268 provincias

163 3281 267 3366 ipsius
283 3288 425 3345 vastare.
471 3278 519 3344 At
530 3279 727 3366 Androgeus
742 3281 886 3365 quotidie
900 3303 960 3366 per
971 3292 1126 3368 cognatos
1138 3292 1172 3349 et

162 3389 260 3445 notos
282 3400 397 3466 regem
426 3379 547 3455 adibat,
563 3380 759 3464 petebatque
784 3387 821 3444 ut
836 3378 1009 3446 desisteret
1032 3391 1172 3466 accepta

163 3480 225 3543 ira.
272 3478 408 3543 Etcum
422 3478 567 3543 furorem
589 3478 661 3563 ejus
680 3479 866 3542 nullatenus
881 3479 1033 3565 mitigare
1049 3481 1171 3566 quivis-

164 3587 227 3654 set,
240 3578 388 3644 diversas
403 3578 632 3643 meditationes
656 3577 751 3641 inivit
766 3577 905 3661 qualiter
928 3579 991 3662 ipsi
1017 3579 1172 3646 resistere

163 3678 299 3742 valeret.
346 3676 498 3761 Denique
518 3678 561 3741 ab
584 3675 672 3740 omni
688 3675 752 3740 alia
763 3697 820 3758 spe
836 3676 998 3753 decidens,
1015 3679 1171 3744 auxilium

166 3773 308 3838 Caesaris
338 3783 452 3859 petere
482 3775 635 3849 decrevit,
664 3773 840 3857 literasque
867 3795 941 3839 suas
970 3775 1000 3838 ei
1026 3775 1061 3839 in
1086 3778 1171 3844 hano

164 3872 288 3937 direxit
297 3873 511 3939 sententiam:
536 3871 645 3938 “Caio
656 3872 745 3937 lulio
756 3871 881 3937 Oaesari
890 3873 1089 3960 Androgeus
1105 3878 1170 3942 dux

166 3971 373 4050 Triuovanti,
397 3980 473 4058 post
488 3981 630 4058 optatam
652 3975 994 4056 mortem-optandam
1020 3977 1168 4045 salutem.

165 4069 310 4137 Poemtet
324 4094 378 4137 me
402 4072 560 4136 adversus
583 4079 617 4135 te
644 4071 750 4157 egisse
773 4071 851 4134 dum
872 4073 984 4156 praelia
999 4095 1071 4137 cum
1092 4099 1171 4162 rege

163 4191 240 4234 meo
262 4171 494 4237 committeres.
542 4169 579 4233 Si
603 4170 690 4233 enim
714 4170 934 4235 mentalibus
957 4172 1044 4236 ausis
1070 4174 1170 4238 absti-
