2862 4870
404 467 563 511 maroam
585 467 658 510 aas.
674 467 756 511 sarr.
772 467 833 510 ma.
849 465 884 508 11.
1108 453 1146 514 31

134 620 250 676 cetera
271 613 405 697 diligas.
452 609 525 676 Nec
553 633 662 677 mora:
696 613 831 677 consilio
855 633 1028 697 procerum
1053 615 1148 701 regni

133 710 226 774 dedit
240 711 417 795 praedictas
433 711 558 794 puellas
570 710 652 775 duas
668 711 796 776 duobus
806 711 955 788 ducibus,
974 711 1148 778 Gornubite

132 811 288 874 videlicet
318 819 353 874 et
380 809 541 885 Albania,
567 831 641 873 cum
666 811 842 875 medietate
867 819 997 875 tantum
1018 813 1147 878 insula:

132 909 215 972 dum
243 911 315 993 ipse
341 910 481 972 viveret.
528 907 611 973 Post
640 909 766 973 obitum
792 917 903 973 autem
932 910 1016 994 ejus,
1043 919 1148 977 totam

132 1009 361 1071 monarchiam
382 1006 565 1070 Britanniae
580 1007 739 1070 concessit
758 1007 951 1072 habendam.
1000 1008 1150 1097 Contigit

134 1106 257 1170 deinde
282 1105 375 1188 quod
401 1102 594 1189 Aganippus
613 1125 672 1168 rex
697 1103 900 1169 Francorum
923 1107 1037 1172 audita
1060 1109 1151 1174 fama

133 1204 396 1289 pulchritudinis
429 1202 612 1277 Cordeillae‚
642 1203 796 1266 continuo
833 1204 970 1269 nuncios
993 1227 1069 1271 suos
1106 1209 1150 1272 ad

134 1326 252 1390 regem
281 1302 454 1376 direxerit,
484 1323 605 1386 rogans
635 1310 674 1365 ut
699 1301 865 1366 Cordeilla
894 1304 957 1367 sibi
986 1307 1150 1392 conjugali

133 1404 216 1467 teda
230 1401 416 1486 copulanda
425 1401 624 1465 traderetur.
658 1399 706 1464 At
719 1410 813 1484 pater
828 1401 863 1464 in
874 1403 1030 1485 praedicta
1043 1405 1151 1470 adhuc

135 1503 414 1586 iraperseverans
423 1500 603 1583 respondit,
617 1520 652 1563 se
661 1498 750 1562 illam
761 1499 902 1564 libenter
918 1500 1084 1578 daturum,
1091 1505 1150 1569 sod

136 1603 326 1666 sineterra
356 1608 391 1664 et
415 1601 562 1684 pecunia.
609 1598 764 1684 Regnum
789 1618 929 1681 namque
955 1621 1052 1666 suum
1075 1625 1149 1668 cum

137 1700 229 1764 omni
250 1722 333 1764 auro
355 1708 389 1764 et
405 1707 543 1784 argento
565 1697 743 1762 Gonorilloe
767 1705 801 1760 et
825 1696 954 1784 Ragau,
980 1703 1149 1769 sororibus

140 1798 315 1863 Gordeillae
336 1798 560 1862 distribuerat.
608 1796 758 1879 Cumque
781 1795 816 1860 id
839 1795 1012 1883 Aganippe
1036 1803 1149 1867 nunci-

137 1907 232 1963 atum
247 1899 381 1973 suisset,
398 1918 509 1960 amore
523 1897 661 1981 virginis
675 1896 903 1972 inflammatus,
923 1899 1014 1964 misit
1027 1900 1149 1966 iterum

138 1998 183 2062 ad
198 1997 339 2062 Leirum
353 2017 476 2080 regem,
493 1995 603 2059 dicens
619 2017 655 2059 se
671 1996 750 2060 satis
765 1996 839 2060 auri
859 2005 893 2062 et
906 2000 1046 2084 argenti,
1070 2001 1149 2066 alia

138 2116 281 2179 rumque
307 2095 551 2179 possessionum
580 2095 717 2158 babere:
755 2095 832 2178 quia
860 2097 992 2161 tertiam
1022 2107 1150 2181 partem

142 2194 258 2260 Gallia
267 2194 472 2278 possidebat:
490 2213 609 2257 severo
618 2195 845 2258 tautummodo
855 2196 996 2280 puellam
1005 2204 1148 2281 captare,

140 2304 179 2359 ut
195 2317 235 2358 ex
245 2295 303 2357 illa
313 2292 460 2356 haeredes
469 2291 615 2355 haberet.
663 2290 816 2375 Denique
825 2294 1016 2358 confirmato
1027 2295 1150 2360 t'oedere

139 2394 287 2458 mittitur
304 2391 471 2456 Cordeilla
485 2391 529 2454 ad
542 2389 695 2466 Galliam,
706 2399 740 2456 et
755 2390 929 2477 Aganippo
939 2395 1125 2462 maritatur.

192 2649 207 2731 ς
229 2652 278 2710 12.
301 2667 387 2720 uma,
408 2667 429 2707 a
449 2665 593 2708 munaus
615 2665 712 2708 anem
738 2667 914 2712 rornsmrn
935 2667 1098 2724 amaron,

517 2771 656 2812 omnnia
677 2771 777 2814 rnrrr.

160 2912 235 2973 Μ-
282 2922 288 2947 ,«
318 2914 359 2963 2„
372 2912 412 2957 „aa
448 2882 538 2948 OST
563 2885 705 2948 multum
720 2905 799 2948 vero
824 2885 993 2969 temporis,
1009 2895 1048 2950 ut
1070 2885 1151 2958 Lair
1218 2873 1221 2880 ¹

312 2962 402 3047 'sil
445 2991 578 3067 torpere
603 2983 699 3067 coepit
725 2983 826 3058 senio,
842 2983 1094 3051 insurrexerunt
1116 2988 1151 3054 in

181 3074 211 3181 J·
238 3068 254 3073 μ
286 3020 407 3185 ᾐῇἑ-ᾗέ
446 3104 522 3146 eum
532 3082 681 3166 praedicti
693 3082 931 3167 duces,quibus
944 3081 1152 3152 Britanniam

228 3180 292 3263 ἐξ
313 3166 335 3259 ’4,
378 3224 394 3249 a
446 3203 520 3244 cum
544 3181 671 3244 duabus
697 3181 825 3246 filiabus
849 3181 1014 3258 diviserat,
1038 3185 1151 3249 abstu-

171 3314 175 3324 ·
220 3308 282 3371 *2¹
305 3260 353 3331 ‘e‘
446 3280 622 3364 leruntque
638 3279 668 3342 ei
683 3300 822 3364 regnum
838 3280 1028 3366 regiamque
1042 3292 1151 3366 potes·

194 3398 215 3415 ’
253 3392 284 3407 ⁵*
312 3366 352 3419 ⁶⁸²
366 3384 401 3419 Ἦ*
445 3387 560 3453 tatem,
590 3397 688 3460 quarn
714 3399 820 3462 usque
849 3380 892 3442 ad
917 3380 999 3444 illud
1022 3390 1152 3465 tempus

144 3474 285 3536 viriliter
301 3483 335 3538 et
349 3475 492 3560 gloriose
507 3485 670 3542 tenuerat.
718 3477 902 3543 Concordia
915 3488 1026 3544 tamen
1040 3480 1154 3545 habita

142 3573 283 3636 retinuit
299 3595 375 3636 eum
391 3575 474 3640 alter
489 3595 687 3660 generorum
704 3575 905 3662 Maglaunus
921 3580 988 3642 dux
1004 3577 1152 3645 Albaniae

145 3693 220 3736 oum
235 3673 409 3758 sexaginta
429 3675 599 3750 militibus,
615 3696 657 3738 ne
681 3697 791 3740 secum
814 3677 973 3762 inglorius
993 3689 1150 3746 maneret.

146 3769 269 3855 Elapso
282 3771 400 3836 deinde
415 3773 557 3849 biennio,
574 3795 699 3838 moram
725 3775 796 3857 ipso
816 3775 905 3859 apud
923 3798 1082 3862 generum
1103 3781 1153 3848 fa-

145 3869 262 3945 ciente,
287 3870 458 3955 indignata
482 3881 532 3936 est
557 3871 728 3936 Gonorilla
750 3874 817 3936 filia
842 3875 884 3938 ob
909 3876 1153 3944 multitudinem

146 3970 288 4033 militum
304 3968 386 4051 ejua
400 3971 456 4052 qui
471 3971 617 4035 convicia
631 3972 789 4036 ministris
805 3973 999 4052 inferebant,
1013 3979 1092 4061 quia
1106 3979 1153 4044 eis

143 4068 311 4152 profusior
321 4067 485 4149 epinomia
497 4091 562 4132 non
572 4071 790 4153 praebebatur.
838 4070 984 4138 Proinde
998 4077 1153 4142 maritum

147 4187 241 4230 suum
265 4165 377 4241 affata,
398 4167 500 4249 jussit
523 4177 650 4250 patrem
676 4171 833 4253 obsequio
857 4171 994 4258 triginta
1013 4175 1154 4239 militum
