2872 4876
364 381 518 435 sarran.
543 385 733 441 Hrsnoarru
757 387 829 442 nra.
855 391 890 442 v.
1076 378 1122 448 49
1171 392 1175 406 ’

109 558 193 608 ones
221 536 362 625 statuit,
374 535 527 624 fecitque
550 539 700 613 alteram
723 542 959 635 Britanniam,
975 554 1012 620 et
1034 571 1113 623 eanr

109 634 254 708 Gonano
270 636 472 709 Meriadoco
487 638 671 713 affectione
686 643 839 728 quadam
855 643 1010 719 donavit.
1052 647 1116 736 Ip-

109 759 146 808 se
161 761 290 824 magno
312 744 350 809 et
367 737 522 810 terribili
547 740 706 812 exercitu
731 742 938 818 ulteriorem
957 745 1115 820 Galliam

108 836 230 924 adivit,
244 843 281 908 et
293 836 513 924 gravissimis
524 838 668 927 praeliis,
680 846 718 912 et
728 841 941 916 crudelitate
952 844 1116 920 inaudita

107 962 186 1012 eam
202 935 418 1023 subjugavit,
428 960 492 1009 nec
506 961 577 1010 non
586 945 623 1010 et
637 944 753 1012 totam
763 939 1015 1033 Germaniam
1036 953 1116 1019 erat

106 1036 203 1110 enim
217 1042 335 1107 terror
349 1035 514 1122 gentibus
530 1037 678 1125 eunctis,
706 1062 746 1111 eo
770 1045 907 1114 terrore
927 1044 1115 1118 barbarico

107 1159 247 1222 semper
278 1135 409 1222 ubique
424 1135 579 1224 vincens,
606 1135 797 1210 fulminare
821 1136 1020 1214 videbatur.
1066 1142 1114 1217 In

104 1243 211 1310 tanta
234 1241 355 1308 autem
380 1234 531 1308 victoria
556 1235 727 1308 thronum
757 1237 899 1324 imperii
933 1241 990 1314 sui
1019 1243 1114 1329 apud

106 1335 279 1408 Treveros
307 1340 481 1421 statuens,
499 1341 624 1408 contra
639 1334 788 1408 ltaliam
810 1337 1035 1428 moliebatur,
1060 1340 1114 1414 ita

104 1434 342 1508 debacchatus
366 1440 424 1506 est
453 1433 490 1505 in
519 1433 607 1506 duos
631 1433 864 1521 imperatores
895 1437 1111 1513 Gratianum

103 1542 142 1610 et
158 1533 463 1621 Valentinianum,
489 1533 592 1621 quod,
616 1557 687 1606 uno
707 1533 931 1626 interempto,
954 1539 1110 1612 alterum

102 1661 149 1710 ex
178 1636 266 1708 urbe
297 1632 414 1705 Roma
452 1632 638 1720 fugaverit.
685 1631 831 1706 Interea
862 1635 1111 1723 inquietabant

103 1735 290 1808 Coranum
305 1739 343 1805 et
359 1731 565 1805 Armoricos
581 1730 749 1805 Britones
759 1731 859 1807 Galli
867 1743 905 1808 et
920 1736 1110 1826 Aquitani,

102 1831 307 1919 crebrisque
330 1830 589 1918 irruptionibus
613 1830 855 1905 infestabant:
879 1834 1008 1920 quibus
1032 1836 1110 1924 ipse

100 1933 284 2021 resistens,
300 1937 338 2004 et
351 1937 515 2003 mutuam
527 1928 664 2003 cladem
679 1930 839 2021 reddens,
856 1933 1012 2019 patriam
1023 1936 1109 2008 viri·

99 2035 187 2109 liter
202 2030 421 2106 defendebat.
467 2029 559 2102 Gum
580 2035 700 2102 autem
716 2030 831 2104 victor
845 2031 983 2123 fuisset,
995 2035 1110 2108 voluit

99 2133 278 2208 militibus
295 2129 369 2203 suis
384 2129 551 2217 conjuges
567 2128 662 2216 dare,
678 2129 781 2215 quasi
792 2154 890 2204 more
907 2132 1108 2206 Alexandri

100 2232 238 2322 Magni,
260 2237 303 2302 ut
327 2227 441 2302 tradit
471 2227 649 2300 Arrianus
672 2227 865 2303 historicus
882 2229 1041 2321 Graecus,
1063 2240 1107 2306 ut

99 2361 145 2410 ex
160 2332 249 2420 ipsis
263 2330 382 2403 forent
395 2325 563 2415 haeredes,
586 2326 649 2413 qui
663 2326 842 2414 regionem
861 2327 963 2402 illam
982 2354 1107 2417 perpe-

98 2444 164 2510 tuo
193 2429 425 2519 possiderent.
469 2426 521 2498 Et
546 2433 589 2498 ut
615 2451 685 2500 non
716 2425 904 2502 Gallorum
933 2428 1108 2504 haberent

98 2532 312 2610 affinitatem
326 2526 384 2600 vel
399 2524 690 2613 commistionem,
712 2550 757 2598 ex
773 2525 963 2600 Britannia
978 2528 1106 2602 abduci

97 2629 283 2708 mandavit
297 2625 475 2712 mulieres,
491 2624 585 2697 etad
601 2624 818 2712 Diognetum
829 2625 955 2698 ducem
971 2625 1108 2701 Gonnu-

97 2735 167 2808 biae
183 2727 318 2814 scribit,
341 2725 403 2812 qui
417 2723 524 2796 fratri
540 2747 604 2796 suo
617 2723 795 2796 Garedoco
810 2724 847 2795 in
863 2747 1012 2810 regnum
1029 2751 1107 2800 suc

98 2834 266 2917 cesserat,
289 2833 331 2898 ut
346 2848 468 2897 curam
482 2823 592 2910 hujus
608 2823 661 2894 rei
678 2823 884 2909 susciperet,
900 2823 963 2908 qui
977 2831 1014 2896 et
1028 2825 1105 2912 ipse

98 2931 255 3006 habebat
264 2927 376 2998 filiam
388 2923 503 2996 forma
517 2921 865 3010 prestantissimam,
882 2947 988 3007 quam
1001 2925 1107 3012 adop-

97 3036 241 3106 taverat
264 3026 353 3098 mire
379 3023 554 3096 Gonanus.
601 3022 801 3109 Diognotus
827 3020 949 3093 audito
964 3024 1104 3112 nuncio,

97 3128 241 3216 collegit
254 3151 318 3214 per
333 3124 491 3196 diversas
505 3120 705 3208 provincias
720 3119 884 3193 undecim
904 3120 1020 3196 millia
1035 3124 1105 3197 fili-

98 3252 202 3304 arum
221 3224 405 3311 nobilium,
427 3246 473 3294 ex
497 3221 641 3293 infirma
656 3228 777 3293 autem
793 3226 898 3308 gente
916 3223 1105 3312 sexaginta

97 3327 222 3414 millia,
246 3332 415 3398 etomnes
426 3321 464 3393 in
479 3321 605 3392 urbem
616 3319 806 3392 Londoniae
818 3321 1004 3394 convenire
1014 3347 1106 3409 prae·

97 3428 202 3515 cepit.
247 3423 457 3509 Praeparata
481 3425 601 3492 autem
626 3418 750 3506 classe,
772 3418 935 3504 quamvis
961 3421 1106 3506 publiea

45 3569 49 3576 ·
96 3525 291 3602 acerbitate
311 3520 510 3593 indolerent
525 3517 618 3590 filias
634 3524 672 3590 et
692 3540 829 3590 sorores
852 3521 1010 3603 praebere
1028 3520 1107 3595 lon-

97 3628 185 3716 gius,
210 3629 248 3695 et
272 3619 340 3694 tali
362 3619 476 3706 modo,
499 3623 604 3689 tanto
617 3616 791 3703 tumultu,
812 3622 935 3689 tamen
958 3626 1105 3704 paratas

97 3749 206 3800 naves
221 3718 471 3807 ingrediuntur
482 3716 650 3788 mulieres
665 3723 703 3788 et
717 3741 781 3802 per
797 3715 958 3790 Tamesis
974 3721 1107 3792 flumen

96 3823 211 3899 maria
225 3825 366 3909 petunt,
388 3824 426 3890 et
446 3841 526 3888 cum
538 3815 616 3888 velo
631 3837 756 3888 versus
773 3816 980 3890 Armoricos
992 3817 1107 3891 diver-

94 3925 240 4009 tissent,
262 3917 412 3991 veniunt
436 3914 537 3988 venti
562 3914 744 4003 contrarii,
767 3921 805 3986 et
834 3915 872 3988 in
902 3917 1003 3988 brevi
1027 3924 1107 3991 tota

97 4022 247 4098 societas
267 4026 344 4092 tam
359 4014 609 4103 praestantium
636 4014 837 4102 puellarum
852 4014 1026 4104 dissipata
1040 4024 1107 4105 est,

758 4135 780 4186 u
