2848 4888
431 401 901 449 msroaraans.na1r.u1n.v1.
1112 385 1169 444 lll

359 635 374 717 ξ
398 637 446 695 14.
468 651 680 695 voarnmnnrs
701 650 810 694 nonno
830 649 983 694 nostrus.

377 864 399 869 “
423 856 428 859 ’
465 863 560 946 eoepit
597 862 737 926 reddere
780 861 1002 946 possessiones
1043 870 1171 946 ereptas

373 955 376 958 ⁴
465 962 599 1037 civibus,
616 962 769 1048 ipsosque
792 961 926 1044 diligere
946 981 984 1024 ac
997 961 1170 1036 honorare,

292 1138 304 1147 .
334 1058 377 1145 ζ’
407 1087 436 1224 (p
466 1069 500 1124 et
527 1060 677 1125 ecclesias
699 1059 838 1142 jubente
865 1067 978 1122 sancto
1004 1057 1171 1122 Germano

297 1243 314 1246 Α
466 1180 634 1222 renovare.
684 1157 752 1221 Sed
786 1156 925 1221 bonitati
955 1154 1026 1240 ejus
1056 1151 1172 1220 invidit

298 1241 428 1300 ⁶--s‘
462 1258 534 1320 ilico
556 1257 725 1322 diabolus:
749 1258 805 1340 qui
830 1257 864 1320 in
891 1257 989 1320 eorde
1015 1255 1171 1319 Rowenae

163 1374 315 1419 novercae
338 1374 405 1416 suae
419 1354 596 1440 ingressus,
614 1377 685 1419 eam
714 1355 871 1430 incitavit,
902 1363 941 1418 ut
970 1353 1040 1418 neci
1070 1354 1171 1438 ipsius

72 1477 81 1486 ·
163 1453 370 1516 immineret:
406 1473 480 1535 quae
499 1454 608 1517 ascitis
630 1453 791 1517 universis
811 1453 982 1528 veneficiis
1010 1453 1099 1516 dedit
1124 1453 1175 1516 illi

164 1573 224 1636 per
239 1551 403 1635 quendam
422 1553 616 1618 familiarem
637 1575 735 1616 suum
749 1558 1057 1636 venenum'potare,
1073 1575 1171 1636 quem

164 1650 452 1715 innumerabilibus
470 1649 610 1716 donariis
631 1660 832 1737 corruperat.
880 1651 980 1730 Quod
1004 1673 1075 1715 cum
1090 1653 1171 1716 hau-

166 1751 261 1815 sisset
285 1750 425 1834 inclytus
440 1751 578 1814 bellator
598 1752 663 1826 ille,
680 1752 788 1816 subita
805 1751 993 1815 infirmitate
1014 1760 1171 1836 gravatus

166 1858 236 1915 est:
259 1850 307 1912 ita
333 1857 370 1912 ut
386 1849 508 1912 nullam
524 1870 615 1933 spem
635 1851 764 1914 vivendi
789 1851 934 1914 haberet.
981 1849 1052 1914 Nec
1067 1871 1169 1925 mora,

160 1947 263 2032 jussit
293 1969 406 2011 omnes
435 1948 553 2012 milites
584 1971 660 2012 suos
684 1950 795 2012 venire
824 1949 867 2012 ad
896 1970 942 2024 se,
970 1957 1003 2012 et
1029 1948 1172 2012 indicata

164 2053 272 2109 morte
287 2067 362 2128 quse
382 2048 642 2130 superveniebat,
665 2047 831 2112 distribuit
856 2048 902 2111 eis
928 2067 1045 2110 aurum
1071 2055 1171 2131 atque

164 2151 341 2228 argentum
356 2165 462 2221 suum,
476 2155 510 2210 et
521 2146 675 2230 quicquid
685 2146 772 2210 atavi
784 2155 1033 2230 congesserant:
1055 2145 1171 2209 flentes

165 2265 297 2328 quoque
313 2252 347 2308 et
362 2245 522 2327 ejulantes
540 2245 780 2320 consolabatur,
808 2244 926 2308 docens
942 2245 1027 2307 viam
1042 2245 1171 2307 univer-

167 2364 211 2407 sae
226 2344 333 2408 carnis
360 2365 549 2426 essequam
570 2344 677 2407 iturus
701 2351 782 2407 erat.
828 2343 980 2407 Audaces
1007 2351 1117 2406 autem
1138 2351 1171 2407 et

164 2443 336 2508 bellicosos
346 2443 497 2522 juvenes,
514 2443 571 2525 qui
582 2443 612 2506 ei
626 2443 660 2505 in
675 2442 941 2508 debellationibus
958 2443 1025 2506 suis
1040 2443 1172 2506 adstare

166 2541 324 2615 solebant,
347 2541 552 2615 hortabatur,
578 2549 615 2604 ut
630 2563 690 2624 pro
705 2541 813 2624 patria
834 2549 1027 2626 pugnantes,
1045 2563 1115 2605 eam
1131 2542 1172 2605 ab

165 2640 276 2703 hostili
309 2639 492 2723 irruptione
528 2639 614 2702 tueri
643 2639 837 2702 niterentur.
884 2637 1031 2703 Audacia
1061 2648 1171 2704 autem

164 2739 308 2801 maxima
329 2737 475 2813 docente,
501 2737 602 2820 jussit
636 2738 695 2801 sibi
720 2738 921 2822 pyramidem
945 2737 1017 2801 fieri
1043 2759 1171 2815 aeream,

165 2836 333 2919 iocarique
362 2837 394 2898 in
424 2845 522 2920 portu
551 2857 617 2919 quo
649 2835 796 2899 Saxones
822 2837 985 2919 applicare
1014 2839 1170 2903 solebant.

169 2933 299 3018 Corpus
314 2954 393 2998 vero
410 2955 507 2997 suum
522 2942 696 3018 postquam
715 2934 906 2998 defunctum
922 2935 1019 3010 foret,
1045 2935 1172 3018 sepeliri

162 3035 265 3118 jussit
286 3033 437 3115 desuper,
458 3041 497 3095 ut
517 3032 585 3096 viso
600 3033 698 3096 busto
714 3031 854 3096 Barbari
879 3034 1012 3098 retortis
1035 3035 1113 3098 velis
1139 3035 1173 3099 in

169 3132 382 3196 Germaniam
396 3131 551 3195 redirent.
599 3130 739 3195 Dicebat
755 3131 852 3206 enim,
868 3133 1028 3196 neminem
1044 3133 1173 3198 illorum

167 3233 290 3296 audere
305 3231 439 3315 propius
454 3229 619 3304 accedere,
647 3230 675 3293 si
698 3231 795 3293 etiam
816 3231 950 3294 bustum
966 3232 1066 3315 ipsius
1089 3233 1173 3317 aspi-

167 3339 290 3396 cerent.
340 3327 372 3393 Ο
398 3327 573 3391 maximam
596 3328 660 3391 viri
686 3329 863 3404 audaciam,
895 3330 951 3412 qui
982 3331 1027 3393 eis
1054 3331 1173 3413 quibus

166 3432 263 3494 vivus
288 3427 409 3492 terrori
434 3427 554 3502 fuerat,
581 3435 657 3510 post
681 3428 806 3490 obitum
833 3429 931 3492 etiam
947 3437 985 3492 ut
999 3429 1173 3492 timeretur

168 3530 314 3613 optabat.
364 3526 431 3590 Sed
453 3527 509 3590 illo
536 3526 701 3601 defuneto,
728 3527 818 3590 aliud
842 3535 981 3610 egerunt
1007 3526 1172 3602 Britones

168 3629 249 3712 quia
262 3627 296 3692 in
312 3626 394 3690 urbe
411 3624 605 3689 Trinovanti
621 3645 738 3708 corpus
753 3625 824 3708 ejus
840 3625 1044 3708 sepelierunt.
