2848 4888
262 466 323 528 130
566 481 677 526 omna.
698 480 940 526 uonnrmrnnsrs

261 646 404 692 currere.
474 623 637 692 Omittent
680 623 813 690 Gemini
849 625 1035 710 complexus
1067 625 1191 702 solitos,
1236 633 1276 692 et

259 747 377 790 urnam
396 725 432 789 in
456 724 565 792 fontes
586 726 819 810 provocabunt.
877 723 986 790 Pensa
1013 726 1108 790 librae
1135 725 1275 810 oblique

260 824 459 909 pendebunt,
490 824 594 888 donee
619 823 705 888 aries
738 843 877 890 recurva
902 843 1024 889 cornua
1055 846 1115 889 sua
1129 839 1132 844 ·
1147 845 1273 908 suppo-

259 930 328 987 nat
375 922 490 987 Gauda
517 921 705 1006 Soorpionis
741 921 926 1005 procreabit
950 921 1093 1007 fulgura,
1117 929 1152 986 et
1180 921 1273 986 Gan-

259 1042 314 1086 eer
346 1043 421 1085 oum
460 1021 537 1086 Sole
576 1019 729 1106 litigabit.
783 1019 949 1084 Aseendet
985 1020 1090 1106 Virgo
1131 1020 1272 1084 dorsum

261 1118 443 1205 Sagittarii,
481 1127 515 1184 et
555 1118 652 1182 tiores
689 1117 854 1203 virgineos
895 1117 1076 1183 offuscabit.
1137 1116 1271 1183 Currus

258 1217 366 1283 Lunae
383 1217 532 1283 turbabit
556 1215 756 1282 Zodiseum:
790 1224 824 1282 et
849 1216 884 1280 in
909 1216 1023 1280 fletum
1047 1225 1270 1300 prorumpent

260 1316 422 1382 Pleiades.
470 1314 588 1382 Officia
619 1314 690 1398 jam
726 1314 817 1378 nulla
853 1313 1026 1379 redibunt:
1064 1315 1123 1379 sed
1157 1317 1272 1380 clausa

255 1417 359 1500 janua
373 1415 408 1478 in
423 1413 642 1498 crepidinibus
662 1411 809 1476 Ariadne
830 1411 987 1476 delitebit.
1034 1412 1075 1475 In
1094 1413 1162 1476 iotu
1182 1413 1270 1477 radii

259 1519 438 1598 exsurgent
472 1531 614 1595 aequora,
652 1517 687 1574 et
722 1510 827 1594 pulvis
856 1518 1005 1575 veterum
1041 1511 1266 1575 renovabitur.

262 1612 449 1697 confligant
477 1610 568 1676 venti
604 1608 676 1673 diro
712 1607 901 1683 sufflamine,
939 1617 973 1674 et
1006 1609 1151 1674 sonitum
1179 1609 1269 1674 inter

259 1712 367 1776 sidera
382 1708 563 1774 oonfioient.

530 2291 690 2366 LIBER
736 2290 999 2368 OCTAVUS.

684 2489 783 2554 SEO.
809 2489 835 2555 Ι.

308 2680 526 2725 vonnnonums
547 2679 746 2723 mnnnnoot'r
767 2679 934 2722 nfflnnmolt
955 2679 996 2721 DE
1017 2679 1123 2723 MORTE
1145 2681 1215 2725 SUA.

276 2858 279 2867 ,
466 2852 470 2855 Α
498 2860 503 2863 Δ
561 2792 637 2858 UM
653 2794 755 2880 igitur
769 2794 839 2858 hae
859 2801 892 2857 et
914 2793 980 2857 elia
997 2793 1103 2857 multa
1124 2795 1267 2879 prophe-

269 2881 311 2975 3³
348 2928 359 2959 ε
385 2958 398 2979 =.
444 2963 447 2969 ,
485 2894 489 2895 ’
559 2890 1267 2976 tassetMerlinus,ambiguitateverbormn

303 2986 305 2989 ’
345 2988 362 3013 ”
388 2983 450 3013 ³'
559 3011 697 3054 suorum
733 2991 902 3055 adstantes
941 2991 976 3055 in
1019 2991 1269 3056 admirationem

558 3088 742 3154 commovit.
789 3087 1008 3174 Vortegirnus
1028 3109 1107 3153 vero
1126 3111 1195 3173 prae
1215 3112 1267 3154 ee-

279 3188 308 3215 ⁵
385 3232 424 3267 .
452 3179 512 3275 ἱ
558 3187 639 3251 teris
654 3186 829 3263 admirans,
856 3195 889 3252 et
910 3207 1041 3254 sensum
1060 3187 1203 3270 juvenis,
1231 3198 1267 3254 et

495 3280 520 3317 '⁶
557 3286 712 3350 vaticinia
726 3285 939 3350 collaudabat.
986 3283 1160 3350 Neminem
1176 3288 1265 3352 enim

260 3403 404 3466 praesens
425 3390 503 3446 aetas
518 3384 730 3465 produxerat,
752 3384 809 3467 qui
825 3405 884 3449 ora
898 3405 959 3448 sua
977 3384 1012 3447 in
1026 3384 1113 3448 huno
1128 3386 1264 3455 modum

259 3503 370 3548 eoram
385 3481 456 3565 ipso
472 3481 632 3546 solvisset.
679 3482 772 3546 Scire
792 3482 894 3568 igitur
910 3483 1021 3548 volens
1042 3484 1167 3548 exitum
1186 3485 1265 3549 vitae

258 3603 337 3658 sua,
353 3580 482 3666 rogavit
503 3579 659 3662 juvenem
674 3581 736 3645 sibi
755 3581 900 3646 indicare
919 3581 1008 3664 quod
1028 3583 1161 3647 sciebat.
1207 3583 1265 3647 Ad

257 3681 327 3745 hae
348 3678 532 3744 Merlinus:
556 3679 701 3765 “Ignem
721 3679 863 3744 filiorum
884 3679 1093 3746 Constantini
1117 3681 1263 3766 diffuge:

257 3779 461 3864 sidiffugere
475 3778 627 3844 valueris.
674 3779 750 3843 lam
772 3799 872 3844 naves
894 3787 1030 3863 parant:
1048 3779 1119 3862 jam
1142 3778 1264 3846 Armo-

255 3879 403 3944 rioanum
413 3877 507 3942 littus
520 3875 675 3941 deserunt
688 3901 696 3941 :
715 3876 786 3960 jam
799 3877 872 3942 vela
881 3898 941 3961 per
952 3899 1084 3961 aequora
1093 3877 1264 3962 pandunt:

255 3985 368 4061 petent
384 3974 591 4038 Britanniam
606 3975 769 4040 insulamr
790 3976 946 4041 invadent
968 3977 1162 4041 Saxonioam
1181 3998 1265 4062 gen-

253 4084 342 4140 tem:
366 4073 590 4156 subjugabunt
615 4075 771 4157 populum
800 4074 993 4140 nefandum:
1026 4076 1084 4139 sed
1106 4075 1199 4158 prius
1227 4084 1268 4142 te

254 4174 341 4243 intra
355 4171 474 4236 turrim
498 4170 658 4235 inclusum
685 4174 885 4238 comburent.
932 4172 1026 4237 Malo
1050 4183 1108 4237 tuo
1131 4181 1264 4256 patrem
