2862 4870
162 937 532 1022 GALFBEDI
568 935 1124 1019 MONUMETENSIS

262 1169 513 1236 HISTORIAE
538 1169 716 1237 REGUM
739 1165 1025 1237 BRITANNIAE

445 1465 604 1542 LIBER
632 1466 848 1542 PRIMUS.

611 1721 684 1763 *-

576 1915 674 1982 SEO.
700 1916 727 1982 l.

170 2108 319 2152 nonanto
333 2107 443 2151 COMI'H
457 2105 733 2151 GBAUDIOGBSTRIAE
747 2105 898 2151 nmsrons
911 2103 1132 2152 namnetorum.

157 2290 181 2345 g
218 2276 276 2318 f
321 2276 341 2287 Ἴ·
447 2243 523 2308 UM
539 2245 644 2308 multa
658 2264 787 2308 mecum
799 2250 833 2309 et
848 2244 889 2308 de
903 2243 1017 2308 multis
1032 2243 1152 2328 sapius

249 2358 274 2411 “,
385 2416 386 2419 ¹
445 2343 554 2406 animo
577 2344 759 2419 revolvens,
781 2343 816 2406 in
841 2343 1013 2407 historiam
1035 2362 1152 2427 regum

157 2446 160 2463 ²
233 2421 376 2492 st,
393 2480 399 2501 .’
446 2441 628 2506 Britanniae
650 2441 849 2507 inciderem:
876 2442 911 2505 in
932 2441 1054 2504 mirum
1077 2461 1152 2504 con-

243 2608 259 2631 ὁ
308 2555 325 2604 f
348 2580 364 2615 χ
388 2608 391 2611 ,
444 2540 517 2615 tuli,
541 2540 630 2624 quod
652 2539 742 2603 intra
763 2540 963 2603 mentionem
987 2559 1088 2622 quam
1112 2539 1154 2602 de

164 2634 180 2716 ἶ
284 2708 286 2713 ,
345 2627 399 2713 Ξ
446 2638 493 2702 eis
506 2637 622 2703 Gildas
646 2646 680 2703 et
703 2637 796 2703 Beda
817 2636 984 2702 luculento
1007 2643 1153 2701 tractatu

188 2734 190 2739 ⁴
358 2724 404 2779 „ai
445 2736 604 2812 fecerant,
620 2737 702 2801 nihil
720 2737 761 2801 de
778 2736 912 2822 regibus
935 2735 993 2820 qui
1012 2743 1089 2800 ante
1104 2735 1153 2799 in-

142 2835 370 2899 carnationem
394 2833 519 2900 Christi
542 2835 751 2901 Britanniam
767 2835 1051 2901 inhabitaverant:
1075 2835 1156 2899 nihil

142 2933 247 3000 etiam
277 2934 318 2999 de
347 2931 486 3011 Arturo,
519 2936 713 3020 caterisque
742 2936 964 3020 compluribus
994 2935 1052 3020 qui
1080 2943 1155 3020 post

141 3033 405 3097 incarnationem
424 3042 661 3110 successerunt,
677 3034 891 3119 reperissem:
915 3054 989 3098 cum
1009 3042 1043 3098 et
1062 3042 1157 3119 gesta

142 3152 264 3196 eorum
283 3131 384 3217 digna
405 3133 589 3200 eternitatis
611 3132 709 3197 laude
731 3140 930 3209 constarent,
947 3141 981 3198 et
1002 3153 1023 3196 a
1044 3133 1156 3196 multis

140 3228 276 3314 populis
299 3229 394 3312 quasi
415 3230 573 3315 inscripta
589 3231 736 3315 jucunde
762 3238 796 3296 et
821 3231 1011 3295 memoriter
1037 3231 1156 3315 praedi-

142 3335 274 3393 centur.
322 3327 417 3393 Talia
437 3330 517 3396 mihi
535 3339 569 3395 et
591 3331 632 3395 de
653 3330 774 3396 talibus
796 3329 964 3394 multoties
986 3329 1154 3416 cogitanti,

143 3426 270 3490 obtulit
284 3425 453 3492 Walterus
478 3426 752 3495 Oxinefordensis
774 3427 1033 3503 archidiaconus,
1049 3428 1100 3492 vir
1122 3427 1157 3491 in

144 3523 308 3590 Oratoria
322 3534 394 3590 arte
408 3534 509 3610 atque
523 3526 557 3590 in
569 3526 705 3592 exoticis
719 3526 867 3591 historiis
882 3525 1043 3601 eruditus,
1054 3547 1156 3610 quen-

144 3623 225 3686 dam
246 3621 431 3690 Britannici
451 3625 610 3689 sermonis
629 3626 751 3690 librum
773 3624 1043 3700 vetustissimum,
1061 3623 1118 3708 qui
1137 3645 1158 3688 a

145 3722 259 3786 Bruto
279 3723 387 3806 primo
409 3745 488 3810 rege
510 3722 686 3789 Britonum
708 3746 814 3810 usque
839 3726 882 3789 ad
906 3723 1157 3789 Oadwaladrum

143 3821 253 3886 filium
279 3820 497 3899 Oadwalonis,
522 3833 615 3888 actus
639 3823 784 3888 omnium
808 3825 962 3888 continue
986 3831 1020 3889 et
1044 3845 1085 3887 ex
1105 3844 1158 3886 or-

145 3921 227 3984 dine
241 3921 422 4005 perpulcris
438 3923 641 3986 orationibus
656 3924 869 4007 proponebat.
916 3920 1051 4007 Rogatu
1070 3922 1158 3986 illius

143 4018 263 4102 itaque
286 4019 414 4096 ductus,
437 4020 570 4085 tametsi
592 4021 681 4084 intra
705 4021 829 4084 alienos
850 4021 1001 4084 hortulos
1020 4020 1161 4084 falerata

143 4117 252 4182 verba
273 4138 339 4182 non
361 4119 559 4204 collegerim,
575 4117 699 4204 agresti
720 4127 831 4182 tamen
853 4120 937 4205 stylo
952 4119 1159 4203 propriisque

147 4215 285 4279 calamis
315 4225 499 4293 contentus,
531 4216 675 4281 codicem
705 4217 796 4280 illum
827 4218 862 4280 in
900 4216 1058 4280 Latinum
1091 4235 1158 4277 ser-

965 4334 986 4374 n
