2872 4876
411 501 567 543 1111111111
582 499 655 542 aaa.
671 499 753 541 unm.
768 497 830 540 ma.
842 498 873 540 x.
1079 482 1134 542 191

216 734 231 814 ς
253 735 302 791 11..
324 747 418 792 11111
439 749 567 791 11111111
588 747 707 802 ooorso,
736 746 889 790 nmrouus
910 745 1057 790 maroam

546 841 732 886 1111111111.

143 976 323 1049 &⁸⁴³5
362 984 402 1047 po,
437 953 574 1021 ORRO
590 954 781 1039 Walgainus
796 961 922 1018 turmas
939 953 990 1035 (ut
1005 954 1138 1036 praedic-

151 1042 276 1135 Ἲς
227 1048 249 1061 ³
259 1039 411 1187 3³35
436 1062 508 1118 tum
546 1055 609 1136 est)
643 1051 808 1128 invadens,
846 1052 970 1115 invenit
1007 1053 1139 1116 tandem

159 1156 174 1193 '¹
189 1144 212 1177 '¹'
284 1161 393 1253 [¹13
436 1154 562 1217 aditum
584 1173 682 1237 quem
708 1152 861 1234 optabat.
885 1158 918 1214 et
943 1150 978 1212 in
1001 1150 1140 1233 impera-

171 1238 200 1347 ξ
220 1288 262 1353 :3
275 1234 287 1265 a
351 1245 398 1321 ἕ),
435 1260 543 1316 torem
554 1251 660 1326 irruit,
677 1258 793 1313 etcum
804 1249 859 1312 illo
872 1269 1066 1332 congressus
1078 1257 1139 1312 est.

162 1345 181 1411 *i
200 1312 344 1443 ἦ(
368 1340 408 1437 ξ’
437 1349 485 1414 Α1
514 1350 638 1414 Lucius
669 1349 775 1432 prima
802 1347 978 1430 juventute
1010 1346 1141 1423 florens,

158 1478 160 1485 ·
285 1439 343 1491 ''¹⁸'‘
357 1456 391 1491 ’11
436 1450 577 1513 multum
592 1448 745 1522 audacia,
762 1446 940 1509 multum
911 1445 1042 1530 vigoris,
1058 1447 1142 1508 mul-

137 1556 209 1612 tum
239 1547 413 1632 probitatis
442 1549 604 1612 habebat:
627 1546 771 1629 nihilque
796 1545 900 1630 magis
927 1545 1142 1620 desiderabat,

139 1669 238 1732 quam
253 1647 408 1731 congredi
423 1669 497 1710 cum
511 1647 614 1711 milite
628 1647 696 1721 tali,
710 1646 767 1729 qui
778 1646 885 1730 ipsum
901 1654 1031 1730 cogeret
1047 1667 1143 1730 expe-

139 1747 208 1822 riri,
241 1753 401 1829 quantum
438 1745 472 1807 in
508 1745 624 1808 militia
652 1745 786 1808 valeret.
834 1741 1005 1807 Resistens
1034 1745 1143 1829 itaquo

140 1845 326 1930 Walgaino,
351 1865 562 1929 congressum
577 1844 649 1926 ejus
664 1842 748 1906 inire
762 1843 902 1917 laetatur,
924 1851 957 1906 et
971 1845 1142 1929 gloriatur,

141 1944 197 2027 qui
212 1951 340 2007 tantam
354 1942 477 2006 famam
497 1943 537 2005 de
552 1963 591 2006 eo
611 1941 771 2005 audierat.
821 1939 1000 2005 Commisso
1022 1943 1144 2008 diutius

141 2045 227 2107 inter
243 2063 278 2106 se
302 2041 424 2125 praelio,
449 2041 528 2104 dant
554 2041 638 2104 ictus
659 2039 795 2113 validos,
824 2047 857 2102 et
872 2040 1000 2124 clypeos
1026 2041 1144 2109 ictibus

140 2141 382 2226 praetcndendo,
395 2148 534 2223 uterque
544 2139 615 2203 neci
624 2139 758 2203 alterius
767 2137 935 2202 imminere
947 2140 1143 2205 elaborabat.

143 2239 236 2302 Dum
255 2246 366 2302 autem
386 2239 493 2302 acrius
512 2239 547 2300 in
565 2237 653 2300 hunc
671 2235 804 2299 modum
824 2235 1049 2302 decertarent:
1072 2259 1146 2303 ecce

143 2336 286 2401 Romani
307 2336 414 2399 subito
435 2337 520 2399 vires
538 2342 779 2418 recuperanteS,
801 2333 958 2418 impetum
977 2335 1012 2398 in
1027 2334 1146 2401 Armo-

143 2436 271 2499 ricanos
281 2434 415 2509 faciunt,
429 2441 462 2496 et
472 2433 662 2518 imperatori
678 2453 737 2496 suo
748 2432 988 2509 subvenientes,
1002 2433 1147 2498 Hoelum

144 2542 178 2598 et
197 2532 410 2616 Walgainum
429 2553 503 2594 cum
530 2532 596 2595 suis
615 2531 734 2595 turmis
753 2530 905 2594 cadendo
920 2534 1145 2616 propulerunt,

145 2630 247 2695 donee
263 2629 390 2693 Arturo
411 2630 540 2694 obviam
560 2639 593 2693 et
613 2630 759 2712 ejusdem
774 2629 896 2713 agmini
917 2651 956 2693 ex
972 2630 1147 2715 improviso

144 2737 324 2794 venerunt:
362 2730 431 2811 ipse
461 2729 579 2792 etenim
609 2728 722 2792 audita
759 2749 892 2791 suorum
923 2737 1042 2813 strage,
1075 2752 1148 2814 quae

145 2829 242 2912 paulo
266 2835 343 2891 ante
369 2827 489 2890 eisdem
514 2827 664 2901 dabatur,
689 2848 763 2889 cum
787 2827 913 2912 legione
935 2828 1087 2904 irruerat,
1115 2840 1149 2893 11

145 2928 311 2991 abstracto
334 2925 511 2989 Caliburno
531 2925 640 3009 gladio
661 2925 792 3008 optimo,
813 2927 941 2989 excelsa
955 2948 1033 2990 voce
1048 2935 1148 3014 atque

146 3026 254 3089 verbis
271 3023 505 3087 commilitones
521 3043 595 3085 suos
610 3023 818 3098 inanimabat,
835 3022 1007 3106 inquiens:
1032 3025 1149 3104 “Quid

146 3123 254 3187 facitis
285 3119 366 3184 viri?
412 3119 461 3183 Ut
490 3120 571 3202 quid
606 3120 779 3183 muliebres
816 3121 1003 3203 permittitis
1032 3123 1149 3187 illaesos

146 3219 260 3286 abire?
304 3218 358 3283 Ne
373 3219 527 3283 abscedat
546 3220 677 3283 illorum
696 3221 780 3283 ullus
796 3221 897 3284 vivus.
944 3221 1150 3290 Mementote

147 3322 340 3385 dextrarum
376 3326 569 3393 vestrarum,
608 3338 680 3400 qua
715 3326 766 3380 tot
796 3319 915 3401 praeliis
953 3323 1148 3400 exercitata,

147 3419 286 3484 terdena
314 3437 417 3501 regna
445 3415 601 3500 potestati
623 3437 704 3479 meae
731 3416 954 3484 subdiderunt.
1001 3417 1150 3489 Memen-

146 3526 216 3583 tote
231 3536 367 3580 avorum
387 3522 581 3590 vestrorum,
610 3535 690 3598 quos
711 3513 860 3591 Romani,
892 3515 970 3580 dum
995 3519 1150 3588 fortiores

149 3623 255 3690 erant,
271 3613 463 3677 tributarios
478 3612 638 3677 fecerunt.
685 3611 891 3678 Mementote
905 3616 1066 3683 libertatis
1081 3643 1151 3686 ves-

148 3723 218 3790 trae,
244 3732 344 3796 quam
368 3710 510 3776 semiviri
535 3711 600 3786 isti,
632 3718 665 3775 et
690 3711 782 3774 vobis
809 3713 990 3791 debiliores,
1022 3719 1152 3785 demere

150 3813 315 3876 affectant.
366 3805 419 3870 Ne
448 3807 544 3871 abeat
569 3808 654 3871 ullus
684 3808 788 3883 vivus,
825 3832 867 3874 ne
903 3813 1008 3878 abeat.
1065 3815 1153 3894 Quid

150 3905 312 3972 facitis?”
359 3905 442 3969 Haec
457 3914 490 3969 et
510 3906 602 3988 plura
622 3906 686 3969 alia
705 3905 925 3984 vociferando,
953 3911 1100 3977 irruebat
1120 3916 1154 3978 in

151 4007 274 4080 hosteS,
294 4004 533 4087 prosternebat,
559 4003 713 4078 credebat,
735 4012 769 4069 et
789 4006 967 4091 cuicunque
990 4011 1152 4090 obviabat,

153 4114 218 4182 aut,
248 4105 357 4188 ipsum
386 4112 444 4167 aut
469 4103 572 4187 ipsius
599 4125 717 4186 equum
743 4126 809 4167 uno
835 4106 901 4170 ictu
930 4108 1152 4178 interficiebat.

154 4202 381 4290 Diffugiebant
396 4223 474 4286 ergo
490 4201 597 4285 ipsum
609 4202 696 4265 velut
711 4204 851 4288 pecudes
861 4203 1003 4273 ferocem
1017 4211 1153 4288 leonem,
