2848 4888
266 452 326 512 142
579 473 691 520 amru.
713 475 955 522 uouunrnssrs

265 609 418 681 Britones
432 615 523 682 bruti
538 617 603 683 sint
617 628 652 684 et
671 621 774 686 stulti.
832 620 916 700 Quis
939 620 1059 687 etenim
1080 621 1273 707 hujusmodi

264 712 434 780 stultitiam
449 715 596 782 audivit?
639 715 800 803 Nunquid
815 721 950 785 meliora
964 728 1042 784 sunt
1057 741 1138 785 saxa
1147 720 1272 786 Hiber-

262 810 325 874 niae
339 834 438 895 quam
454 812 655 881 Britannias:
678 825 717 882 ut
731 839 870 904 regnum
891 827 1042 884 nostrum
1055 840 1116 903 pro
1132 820 1213 906 ipsis
1228 821 1271 886 ad

262 910 476 994 preliandum
490 915 711 998 provocetur?
733 913 871 981 Armate
894 937 953 981 vos
963 917 1035 993 viri,
1052 926 1087 982 at
1102 918 1271 984 defendite

261 1009 402 1092 patriam
411 1021 564 1089 vestram,
577 1013 652 1097 quia
661 1015 740 1078 dum
748 1015 829 1080 mihi
839 1015 907 1080 vita
916 1015 1024 1094 inerit,
1035 1037 1102 1082 non
1115 1017 1271 1084 auferent

261 1107 356 1172 nobis
371 1108 469 1174 etiam
484 1111 654 1176 minimum
667 1113 809 1197 lapidem
822 1115 980 1178 choreae.”
1027 1112 1139 1178 Uther
1154 1113 1267 1200 igitur,

261 1213 300 1270 ιιι
314 1206 395 1273 vidit
409 1209 498 1293 ipsos
519 1211 562 1276 ad
576 1211 789 1295 praehandum
804 1221 946 1296 paratos,
964 1211 1120 1277 festinato
1137 1215 1268 1300 agmine

260 1302 296 1369 in
311 1326 366 1370 eos
381 1307 488 1373 irruit.
539 1307 611 1374 Neo
625 1331 727 1387 mora,
743 1312 986 1395 praevaluerunt
1002 1309 1179 1376 Britones:
1204 1311 1267 1376 Hi-

259 1403 552 1492 berniensibusque
573 1409 725 1473 laceratis
748 1431 787 1474 ao
809 1409 1002 1486 interfectis,
1031 1407 1266 1474 Gillomanium

259 1501 294 1565 in
308 1503 422 1589 fugam
436 1509 641 1592 pepulerunt.
688 1507 791 1573 Potiti
806 1517 916 1572 autem
936 1508 1083 1584 victoria,
1098 1510 1267 1593 petierunt

262 1599 445 1667 Killaraum
476 1614 631 1681 montem,
664 1605 874 1691 lapidumque
908 1615 1109 1671 structuram
1142 1608 1264 1692 adepti,

258 1700 363 1785 gavisi
378 1711 466 1779 sunt,
482 1711 516 1768 et
530 1703 692 1769 admirati.
729 1704 1025 1769 Circumstantibus
1041 1706 1151 1790 itaque
1166 1727 1264 1772 cunc-

252 1797 313 1881 tis,
329 1802 466 1865 accessit
480 1799 656 1878 Merlinus,
671 1810 705 1868 et
716 1803 781 1868 ait:
806 1811 826 1839 “
839 1801 980 1868 Utimini
990 1804 1114 1869 viribus
1131 1806 1262 1882 vestris,

252 1897 412 1981 juvenes:
435 1889 522 1964 utin
537 1900 727 1985 deponendo
750 1901 874 1986 lapides
900 1901 992 1977 istos,
1016 1902 1126 1966 sciatis
1148 1912 1263 1967 utrum

257 1995 422 2081 ingenium
436 1997 563 2075 virtuti,
579 2021 622 2063 an
636 2000 741 2063 virtus
762 1999 894 2085 ingenio
916 1999 1044 2064 cedat.'’
1089 1998 1146 2065 Ad
1160 2000 1262 2086 impe-

257 2093 344 2158 rium
372 2096 474 2182 igitur
503 2098 575 2182 ejus
604 2098 810 2162 indulserunt
838 2097 1035 2162 unanimiter
1061 2098 1263 2164 multimodis

256 2195 560 2273 machinationibus,
591 2205 626 2262 et
647 2197 794 2282 aggressi
816 2204 894 2261 sunt
916 2196 1067 2261 choream
1087 2197 1261 2280 deponere.

257 2289 326 2356 Alii
347 2293 454 2372 fimes,
479 2295 534 2360 alii
548 2304 664 2372 restes,
680 2295 734 2359 alii
761 2295 863 2360 scalas
883 2302 1093 2377 paraverunt,
1110 2302 1149 2358 ut
1166 2297 1262 2380 'quod

256 2393 463 2471 affectabant,
479 2395 692 2479 perficerent:
714 2415 774 2458 nec
796 2395 959 2458 ullatenus
979 2393 1135 2477 perficere
1149 2395 1262 2460 value-

255 2502 344 2559 runt.
391 2492 628 2559 Deficientibus
652 2493 788 2569 cunctis,
810 2493 938 2558 solutus
962 2500 1013 2557 est
1038 2489 1204 2556 Merlinus
1227 2493 1262 2557 in

255 2591 366 2669 risonn
391 2601 425 2658 et
449 2613 523 2658 suas
542 2592 798 2658 machinationes
813 2590 962 2656 confecit.
1009 2588 1163 2673 Denique
1186 2612 1262 2655 curn

255 2693 364 2757 omnia
378 2713 452 2777 quas
473 2691 658 2756 necessaria
671 2699 766 2755 erant
785 2689 1010 2774 apposuisset:
1032 2688 1143 2753 levius
1160 2710 1261 2773 quam

254 2791 344 2856 credi
368 2798 478 2875 potest
502 2790 627 2874 lapides
653 2789 822 2873 deposuit:
846 2788 1011 2872 depositos
1037 2795 1157 2863 autem,
1180 2789 1261 2854 fecit

254 2891 375 2955 deferri
398 2889 441 2954 ad
464 2910 574 2965 naves,
601 2897 635 2954 et
660 2886 844 2971 introponi:
867 2894 901 2950 et
923 2887 970 2951 sic
992 2908 1065 2950 cum
1087 2887 1209 2972 gaudio
1225 2890 1260 2954 in

255 2986 461 3052 Britanniam
476 2987 598 3052 reverti
613 2993 790 3071 coeperunt.
836 2983 882 3048 Et
896 2985 1166 3069 prosperantibus
1181 3009 1260 3051 ven-

252 3086 296 3150 tis
311 3085 484 3170 applicant,
501 3085 751 3170 sepulturaeque
766 3084 912 3148 virorum
928 3105 1001 3147 oum
1016 3083 1143 3167 lapidus
1158 3106 1258 3168 appa·

251 3192 337 3248 rant.
385 3182 485 3262 Quod
500 3203 572 3247 cum
594 3183 774 3247 indicatum
797 3182 914 3246 fuisset
938 3179 1084 3256 Aurelio,
1110 3180 1257 3247 diversos

251 3282 388 3347 nuncios
399 3303 457 3366 per
467 3281 612 3346 diversas
620 3289 731 3365 partes
744 3278 922 3344 Britannia
934 3279 1072 3343 direxit:
1091 3279 1257 3366 jussitque

251 3382 374 3445 clerum
383 3381 581 3465 acpopulum
591 3380 794 3454 submonere,
802 3378 1004 3442 submonitos
1015 3399 1104 3453 vero,
1116 3377 1150 3440 in
1161 3400 1255 3442 mon-

250 3489 318 3546 tem
338 3479 468 3544 Ambrii
490 3479 673 3554 convenire,
689 3486 727 3542 ut
749 3499 824 3541 cum
843 3477 962 3563 gaudio
985 3484 1018 3540 et
1032 3477 1157 3540 honore
1171 3498 1255 3560 prae-

250 3580 370 3646 dictam
386 3582 587 3665 sepulturam
605 3585 805 3663 repararent.
851 3575 906 3639 Ad
918 3576 1060 3640 edictum
1074 3596 1153 3660 ergo
1167 3575 1255 3641 illius

248 3687 410 3744 venerunt
425 3677 601 3743 Pontifices
611 3686 647 3742 at
661 3676 819 3751 Abbates,
830 3683 913 3739 etex
925 3695 1124 3760 unoquoque
1139 3675 1254 3741 ιπᾱίιιθ

248 3779 305 3863 qui
335 3778 365 3843 ei
391 3778 511 3842 subditi
539 3778 692 3842 fuerans:
716 3782 749 3838 et
778 3795 852 3837 cum
879 3793 990 3836 omnes
1013 3772 1251 3849 convenissent,

247 3877 391 3941 instante
416 3876 468 3941 die
495 3896 568 3960 quae
595 3873 751 3959 praediota
771 3871 891 3946 fuerat,
914 3870 1070 3953 imposuit
1095 3869 1252 3936 Aurelius

248 3975 397 4040 diadema
421 3976 520 4060 capiti
549 3996 619 4050 suo,
646 3973 833 4054 festumque
860 3968 1073 4034 Pentecostes
1095 3969 1253 4054 regaliter

247 4074 441 4139 celebravit:
463 4073 634 4156 tribusque
649 4069 861 4154 sequentibus
873 4068 988 4133 diebus
1003 4068 1157 4131 continue
1168 4069 1251 4131 cele-

245 4173 388 4239 brationi
416 4170 552 4236 vacavit.
600 4167 731 4234 Interea
755 4168 895 4233 honores
926 4167 983 4251 qui
1008 4167 1251 4251 possessoribus
