2848 4888
275 483 335 542 122
587 500 698 544 saura.
713 499 952 543 uosuunrnusrs

273 645 425 727 luporum
440 643 555 709 dentes
568 645 821 709 hebetabuntur.
868 642 977 707 Catuli
990 642 1093 707 leonis
1115 641 1151 705 iu
1166 661 1277 725 aequo-

273 763 348 807 reos
372 743 477 827 pisces
500 743 842 808 transformabuntur:
873 750 908 806 et
936 741 1047 826 aquila
1075 742 1147 824 ejus
1176 761 1278 822 super

273 850 418 906 montem
437 840 598 906 Ararium
615 840 805 905 nidificabit.
850 839 1036 904 Venedoc'm
1055 837 1187 902 rubebit
1208 859 1279 901 ma-

271 947 367 1005 terno
382 939 550 1024 sangnine,
567 949 601 1004 et
616 939 731 1004 domus
747 937 880 1002 Corinei
891 959 949 1002 sex
960 938 1081 1000 fratres
1092 936 1279 1000 interficiet
1304 970 1309 979 ·

273 1036 453 1102 Nocturnis
479 1038 630 1123 lacrymis
654 1037 799 1102 madebit
821 1036 947 1101 insula:
978 1035 1066 1099 unde
1092 1055 1205 1100 omnes
1233 1035 1280 1098 ad

273 1136 382 1201 omnia
403 1137 676 1220 provocabuntur.
733 1134 792 1199 Vae
814 1134 877 1199 tibi
898 1132 1070 1208 Neustria,
1091 1132 1170 1216 quia
1188 1153 1279 1196 oere-

272 1235 367 1299 brum
380 1234 482 1298 leonis
496 1235 579 1299 inte
594 1233 802 1300 effimdetur:
825 1231 1075 1314 dilaceratisque
1089 1231 1280 1299 membris'a

271 1333 379 1418 patrio
395 1333 463 1398 solo
478 1332 708 1397 eliminabitur.
760 1329 919 1396 Nitentur
934 1331 1058 1415 posteri
1072 1331 1279 1394 transvolare

273 1451 435 1518 superna:
460 1431 517 1496 sed
540 1431 634 1495 favor
660 1449 820 1494 novorum
845 1429 1083 1494 sublimabitur.
1134 1427 1279 1492 Noeebit

271 1529 452 1616 possidenti
462 1550 502 1594 ax
513 1529 622 1614 impiis
632 1529 748 1612 pictas,
759 1528 862 1592 donec
873 1547 945 1592 sese
954 1527 1104 1612 genitore
1118 1526 1275 1591 induerit.

272 1628 356 1714 Apri
370 1629 473 1716 igitur
497 1627 649 1692 dentibus
671 1627 846 1703 accinctus,
861 1625 1036 1698 ,cacumina
1058 1624 1220 1688 montium
1242 1633 1279 1689 et

272 1729 422 1793 umbram
445 1727 565 1814 galeati
587 1727 806 1791 transcendet.
863 1725 1092 1811 Indignabitur
1122 1723 1276 1800 Albania,

272 1833 306 1890 et
320 1826 506 1890 annueretis
529 1824 766 1890 collateralibus
787 1824 979 1910 sanguinem
994 1822 1162 1887 effimdere
1181 1843 1277 1887 vacas

271 1923 330 1990 bit.
378 1922 525 1988 Dabitur
538 1923 676 1988 maxillis
692 1923 763 2007 ejus
786 1923 917 1987 frenum
940 1921 1028 2007 quod
1051 1923 1086 1985 in
1101 1920 1277 1986 Armorica

272 2021 347 2087 sinu
355 2017 580 2086 fabricabitur.
626 2020 811 2086 Deaurabit
821 2021 902 2084 illud
913 2021 1023 2105 aqrrila
1031 2020 1121 2104 rupti
1131 2019 1276 2096 federit,

271 2129 306 2186 et
320 2119 421 2186 tertia
430 2119 652 2184 nidificatione
666 2118 830 2206 gaudebit.
878 2118 1092 2205 Evigilabunt
1105 2119 1276 2204 rugientes

272 2219 382 2296 catuli,
395 2227 429 2284 et
450 2219 640 2303 postpositis
662 2218 851 2284 nemoribus
872 2217 961 2282 intra
974 2217 1093 2281 moenia
1107 2217 1277 2281 civitatum

271 2320 488 2384 venabuntur.
536 2317 689 2402 Stragem
714 2337 779 2380 non
805 2315 972 2380 minimam
997 2337 1038 2380 ex
1068 2316 1277 2381 obstantibus

271 2416 403 2493 facient,
417 2423 452 2480 et
466 2415 594 2499 linguas
608 2423 778 2480 taurorum
793 2415 992 2480 abscindent.
1039 2413 1132 2479 Colla
1142 2413 1277 2499 rugien-

270 2515 355 2580 tium
369 2515 553 2580 onerabunt
567 2513 701 2590 catenis,
717 2521 752 2577 et
776 2513 865 2578 avita
887 2521 1036 2597 tempora
1058 2514 1274 2579 renovabunt

273 2611 361 2678 Exin
377 2613 417 2678 de
432 2613 536 2697 primo
556 2612 591 2675 in
613 2619 788 2695 quartum:
812 2611 853 2675 de
874 2621 990 2696 quarto
1004 2611 1039 2675 in
1053 2612 1211 2676 tertium:
1233 2612 1276 2677 de

271 2713 371 2776 tertio
397 2713 431 2775 in
455 2711 634 2776 seeundum
648 2710 819 2774 rotabitur
833 2711 941 2794 pollex
964 2710 998 2774 in
1023 2711 1104 2776 oleo.
1152 2710 1275 2776 Sextus

272 2807 443 2874 Hibernia
468 2809 587 2873 moenia
616 2809 795 2884 subvertet,
823 2816 856 2872 et
885 2829 1020 2872 nemora
1040 2808 1075 2870 in
1103 2808 1274 2892 planitiem

270 2908 431 2972 mutabit:
454 2908 600 2972 diversas
612 2907 780 2992 portiones
794 2906 829 2969 in
844 2927 947 2970 unum
960 2906 1107 2982 reducet,
1120 2915 1154 2972 et
1168 2909 1275 2992 capite

271 3005 374 3070 leonis
403 3006 620 3070 coronabitur.
668 3003 871 3088 Principium
899 3005 1002 3088 ipsius
1032 3025 1115 3090 rago
1141 3007 1275 3072 affectui

271 3104 470 3188 subjacebit:
499 3105 556 3170 sed
584 3104 658 3168 finis
687 3103 790 3189 ipsius
819 3104 862 3168 ad
891 3125 1049 3188 supernos
1078 3107 1274 3172 convolabit.

272 3202 458 3268 Renorabit
472 3223 613 3287 namque
634 3204 805 3267 beatorum
820 3203 913 3267 sedes
928 3223 986 3286 per
1000 3203 1135 3288 patrias,
1151 3213 1185 3269 et
1199 3226 1275 3289 pas-

271 3309 361 3366 tores
386 3301 421 3364 in
447 3301 600 3386 congruis
623 3300 702 3364 locis
728 3300 857 3366 locabit.
905 3299 1000 3365 Duas
1024 3302 1123 3366 urbes
1145 3303 1276 3369 duobus

271 3400 377 3485 palliis
407 3398 540 3464 induet:
574 3407 608 3462 et
628 3399 777 3483 virginea
802 3420 940 3463 munera
961 3397 1142 3486 virginibus
1173 3401 1298 3475 dona-2

271 3500 330 3564 bit
392 3496 643 3564 Promerebitur
663 3497 739 3560 inde
764 3496 911 3562 favorem
939 3499 1094 3574 torrentis,
1125 3508 1158 3564 et
1185 3501 1276 3566 inter

271 3599 386 3664 beatos
402 3596 623 3662 collocabitur.
680 3595 880 3681 Egredietur
895 3617 935 3661 ex
950 3618 990 3662 eo
1004 3598 1082 3684 lynx
1097 3607 1276 3682 penetrans

271 3700 388 3776 omnia,
420 3719 492 3783 que
525 3697 635 3762 ruina
660 3697 799 3780 propria
828 3699 937 3784 gentis
974 3699 1176 3765 imminebit:
1214 3722 1275 3785 per

270 3801 360 3864 illam
386 3798 473 3862 enim
496 3804 670 3880 utramque
695 3795 836 3860 insulam
865 3798 994 3862 amittet
1020 3796 1197 3864 Neustria:
1238 3809 1274 3864 et

270 3898 409 3984 pristina
441 3897 601 3982 dignitate
636 3894 839 3979 spoliabitur.
900 3895 1033 3961 Deinde
1061 3905 1275 3962 revertentur

270 3997 358 4060 cives
366 3996 401 4059 in
409 3995 549 4060 insulam
562 4017 570 4058 ε
591 4013 668 4058 uam
680 3993 850 4058 dissidium
866 3995 1120 4080 alienigenarum
1135 3996 1272 4063 oriebu.

270 4095 397 4162 Nireus
423 4115 553 4181 quoque
579 4116 678 4160 senex
705 4095 740 4159 in
765 4095 860 4161 niveo
881 4097 997 4162 sedens
1019 4119 1114 4183 equo,
1136 4097 1274 4163 fluvium
1312 4091 1324 4107 ’

271 4193 448 4266 l’erironis¹
464 4194 615 4270 divertet,
633 4202 666 4259 et
692 4215 765 4259 cum
786 4195 922 4260 candida
936 4196 1030 4282 virga
1051 4197 1274 4263 molendinum
