2848 4888
386 505 543 549 rusroans
558 507 632 550 nuo.
648 508 730 551 sarr.
744 509 807 554 ura.
822 509 865 552 rx.
1071 493 1130 554 161

116 729 189 812 §4.
211 727 382 794 nunnroms
417 752 539 796 oourns
572 755 709 800 saxosas
744 755 980 801 oonorousrua:
1015 759 1131 804 aarum

252 856 312 900 ans
333 857 456 902 ossen:
479 860 629 904 oouonnu
649 862 689 904 ur
710 862 889 906 nsunnurm
910 864 1002 908 uons.

129 1006 232 1061 ᾗς,
268 998 379 1055 3225
428 973 503 1037 ΕΟ
554 995 592 1038 eo
642 975 781 1051 dicente,
824 984 957 1041 sanetus
1004 975 1129 1042 Dubri-

191 1060 232 1090 ³⁰
428 1073 496 1137 eius
520 1074 612 1138 urbis
636 1074 821 1160 Legionum
845 1073 1130 1160 Arebiepiseopus,

215 1155 243 1208 ³⁶
264 1165 297 1218 ᾗ
360 1148 386 1227 l
428 1193 561 1236 ascenso
577 1173 748 1256 eujusdam
761 1173 883 1237 montis
898 1173 1073 1250 cacumine,
1097 1175 1131 1238 iu

264 1302 287 1343 μ
315 1261 372 1371 l
427 1271 514 1335 hune
538 1270 673 1334 modum
699 1271 786 1335 eelsa
810 1292 890 1336 vooe
919 1271 1132 1339 exclamavit:

164 1372 243 1445 ’ἰ
284 1362 378 1454 Ξ
429 1379 448 1404 “
461 1369 535 1432 Viri
548 1368 736 1433 Christiana
749 1368 952 1453 professione
974 1370 1130 1456 insigniti,

132 1463 153 1471 ’
240 1459 241 1464 ’
344 1458 370 1471 ”²
427 1475 557 1531 maneat
576 1467 610 1529 in
629 1467 721 1531 vobis
743 1466 923 1531 concivium
945 1477 1130 1535 vestrorum

121 1564 270 1647 pietaset
284 1567 474 1650 patriae,qui
487 1565 673 1650 proditione
689 1563 899 1651 Paganorum
911 1567 1129 1645 exterminati,

123 1664 216 1728 vobis
233 1666 468 1748 sempiternum
484 1673 582 1728 erunt
596 1665 819 1749 opprobrium,
835 1665 900 1729 nisi
919 1665 1006 1748 ipsos
1019 1665 1130 1730 defen·

124 1762 202 1826 dere
213 1762 409 1826 institeritis.
456 1760 631 1848 Pugnante
647 1783 726 1846 ergo
747 1783 807 1848 pro
823 1763 930 1848 patria
952 1771 1072 1840 vestra,
1097 1773 1131 1830 et

122 1868 263 1925 mortem
279 1861 306 1923 si
322 1861 547 1944 supervenerit
561 1881 622 1944 pro
637 1861 751 1925 eadem
764 1862 853 1924 ultro
868 1861 1036 1944 patimini:
1059 1862 1131 1945 ipsa

123 1957 209 2020 enim
239 1959 377 2023 victoria
399 1967 460 2035 est,
486 1967 519 2022 et
542 1958 659 2021 anima
680 1958 870 2022 remedium.
933 1957 1130 2043 Quicunque

123 2057 244 2119 etenim
264 2078 325 2140 pro
340 2057 561 2122 confratribus
585 2057 653 2120 suis
668 2057 841 2131 interierit,
858 2056 965 2121 vivam
987 2058 1128 2122 hostiam

123 2174 157 2216 se
171 2162 308 2237 praestat
329 2154 414 2230 Deo,
442 2155 675 2237 Christumque
697 2155 825 2238 insequi
849 2176 914 2218 non
938 2155 1126 2240 ambigitur,

124 2252 180 2335 qui
194 2274 255 2336 pro
267 2253 425 2319 fratribus
438 2255 505 2318 suis
517 2253 657 2317 animam
673 2273 766 2316 suam
777 2253 987 2337 dignatusest
995 2274 1127 2336 ponere.

126 2349 161 2412 Si
176 2350 295 2434 aliquis
319 2352 421 2436 igitur
436 2359 584 2416 vestrum
598 2350 633 2413 in
646 2351 708 2414 hoe
722 2349 809 2414 bello
824 2357 964 2413 mortem
980 2351 1126 2417 subierit.

123 2447 179 2510 fiet
190 2449 221 2511 ei
235 2470 324 2512 mors
332 2451 390 2514 illa
400 2450 544 2513 omnium
551 2449 743 2513 delictorum
755 2468 889 2512 suorum
894 2449 1085 2530 poenitentia
1096 2459 1130 2515 et

123 2547 293 2622 absolutio,
311 2548 389 2611 dum
404 2570 476 2613 eam
489 2548 551 2611 hoo
565 2548 663 2610 modo
678 2546 823 2629 reeipere
843 2568 909 2610 non
926 2547 1128 2632 diffugerit.'’

123 2642 194 2708 Nee
215 2667 329 2710 mora:
362 2647 451 2711 beati
476 2647 538 2711 viri
564 2646 790 2712 benedictione
812 2645 936 2710 hilariti
959 2647 1129 2714 festinavit

123 2743 261 2826 quisque
277 2766 405 2810 armare
420 2767 465 2821 se,
482 2754 516 2809 et
530 2745 699 2829 praeoeptis
715 2743 787 2826 ejus
802 2765 918 2827 parere
935 2768 943 2808 :
965 2745 1036 2829 ipse
1050 2769 1129 2812 vero

123 2839 269 2904 Arturus
284 2842 385 2906 lorica
396 2852 489 2907 tanto
498 2864 576 2928 rege
585 2843 684 2928 digna
698 2841 844 2916 indutus
857 2862 991 2906 auream
1001 2836 1128 2929 galeam

123 2937 296 3002 simulacro
308 2941 457 3005 maeonis
466 2942 662 3025 insculptam
671 2938 769 3022 eapiti
778 2938 922 3022 adaptat.
970 2939 1128 3009 Humeris

123 3057 253 3119 quoque
274 3038 342 3100 suis
365 3039 513 3124 elypeum
535 3037 691 3103 vocabulo
716 3035 870 3101 Priwen:
892 3037 928 3100 in
943 3060 1007 3121 quo
1023 3040 1128 3127 imago

123 3144 244 3197 saneta
267 3133 387 3200 Mariae
410 3136 476 3200 Dei
490 3136 657 3221 genitricis
673 3136 816 3218 impieta,
833 3135 937 3218 ipsam
958 3137 992 3198 in
1007 3159 1128 3203 memo-

122 3231 204 3294 riam
230 3232 334 3314 ipsius
365 3234 543 3318 saepissime
572 3232 755 3298 revocabat.
823 3231 1000 3298 Aeeinetus
1030 3236 1128 3300 etiam

124 3327 556 3416 Oaliburnogladiooptimo,
564 3332 636 3396 etin
644 3330 751 3394 insula
763 3327 931 3394 Avallonis
946 3331 1107 3398 fabricato
1120 3359 1128 3399 :

121 3429 233 3492 laneea
248 3429 417 3493 dexteram
433 3452 525 3494 suam
542 3430 683 3504 decorat,
700 3448 773 3513 quae
788 3429 919 3494 nomine
943 3428 1019 3494 Ron
1034 3454 1129 3496 voea-

121 3527 237 3592 batur:
261 3528 330 3591 haee
352 3537 424 3592 erat
446 3529 550 3593 ardua
569 3529 702 3610 lataque
725 3526 847 3602 lancea,
872 3527 1017 3592 cladibus
1039 3538 1125 3616 apta.

123 3623 254 3690 Deinde
266 3626 431 3710 dispositis
447 3627 596 3700 catervis,
614 3625 761 3690 Saxones
777 3625 810 3687 in
826 3647 946 3689 euneos
960 3648 1052 3692 more
1068 3650 1128 3693 suo

122 3724 308 3808 dispositos,
324 3726 481 3789 audaeter
496 3725 626 3789 invasit.
674 3723 742 3808 Ipsi
757 3745 834 3788 vero
844 3732 915 3788 tota
925 3725 978 3789 die
991 3727 1128 3792 viriliter

121 3823 328 3900 resistebant,
361 3822 516 3888 Britones
546 3844 651 3907 usque
680 3823 900 3906 insequentes.
961 3824 1129 3911 Vergente

122 3921 254 3984 tandem
269 3921 312 3985 ad
323 3943 473 3985 oceasum
499 3922 577 3996 sole,
602 3921 786 4005 proximum
801 3931 1127 4004 oeeupantmontem,

121 4038 180 4100 pro
195 4020 312 4083 eastris
336 4041 411 4084 eum
432 4020 587 4084 habituri.
636 4017 853 4082 Multitudine
883 4019 1003 4082 etenim
1026 4023 1129 4088 sooio·
1173 4007 1177 4016 ⁸

122 4131 194 4180 rum
220 4117 361 4193 confisis,
388 4118 476 4183 solus
502 4138 596 4182 mons
620 4116 768 4180 sufficere
793 4116 974 4181 videbatur.
1020 4116 1069 4182 At
1090 4129 1129 4184 ut

3 4205 4 4270 J
123 4224 290 4296 posterum
321 4217 370 4279 sol
399 4217 483 4279 diem
513 4215 664 4279 reduxit:
702 4213 848 4277 aseendit
878 4215 1024 4280 Artnrus
1054 4240 1127 4282 oum

971 4334 998 4374 M
