<?xml version="1.0" encoding="UTF-8"?>
<!DOCTYPE html PUBLIC "-//W3C//DTD XHTML 1.0 Transitional//EN"
    "http://www.w3.org/TR/xhtml1/DTD/xhtml1-transitional.dtd">
<html xmlns="http://www.w3.org/1999/xhtml" xml:lang="en" lang="en">
 <head>
  <title>
</title>
<meta http-equiv="Content-Type" content="text/html;charset=utf-8" />
  <meta name='ocr-system' content='tesseract 3.04.00' />
  <meta name='ocr-capabilities' content='ocr_page ocr_carea ocr_par ocr_line ocrx_word'/>
</head>
<body>
  <div class='ocr_page' id='page_1' title='image "./galfredimonumet00virugoog_0057.png"; bbox 0 0 2862 4870; ppageno 0'>
   <div class='ocr_carea' id='block_1_1' title="bbox 407 478 1152 538">
    <p class='ocr_par' dir='ltr' id='par_1_1' title="bbox 407 478 1152 538">
     <span class='ocr_line' id='line_1_1' title="bbox 407 478 1152 538; baseline 0.02 -16"><span class='ocrx_word' id='word_1_1' title='bbox 407 478 563 524; x_wconf 70' lang='lat' dir='ltr'><strong>marorum</strong></span> <span class='ocrx_word' id='word_1_2' title='bbox 581 485 655 530; x_wconf 83' lang='lat' dir='ltr'><strong>nnc.</strong></span> <span class='ocrx_word' id='word_1_3' title='bbox 670 487 752 533; x_wconf 82' lang='lat' dir='ltr'><strong>mur.</strong></span> <span class='ocrx_word' id='word_1_4' title='bbox 767 489 829 533; x_wconf 83' lang='lat' dir='ltr'><strong>ma.</strong></span> <span class='ocrx_word' id='word_1_5' title='bbox 851 491 886 533; x_wconf 91' lang='lat' dir='ltr'><strong>n.</strong></span> <span class='ocrx_word' id='word_1_6' title='bbox 1112 479 1152 538; x_wconf 77' lang='lat'><strong>25</strong></span> 
     </span>
    </p>
   </div>
   <div class='ocr_carea' id='block_1_2' title="bbox 178 704 1121 874">
    <p class='ocr_par' dir='ltr' id='par_1_2' title="bbox 178 704 1121 874">
     <span class='ocr_line' id='line_1_2' title="bbox 178 704 1121 790; baseline 0.027 -29"><span class='ocrx_word' id='word_1_7' title='bbox 178 704 242 784; x_wconf 64' lang='lat' dir='ltr'><strong>§a</strong></span> <span class='ocrx_word' id='word_1_8' title='bbox 264 723 420 768; x_wconf 80' lang='lat' dir='ltr'><strong>necamus</strong></span> <span class='ocrx_word' id='word_1_9' title='bbox 449 727 703 790; x_wconf 74' lang='lat' dir='ltr'><strong>enmnonnnuu,</strong></span> <span class='ocrx_word' id='word_1_10' title='bbox 726 737 856 781; x_wconf 71' lang='lat' dir='ltr'><strong>ocantur</strong></span> <span class='ocrx_word' id='word_1_11' title='bbox 877 739 987 782; x_wconf 77' lang='lat' dir='ltr'><strong>numu</strong></span> <span class='ocrx_word' id='word_1_12' title='bbox 1008 741 1121 786; x_wconf 72' lang='lat' dir='ltr'><strong>narni·</strong></span> 
     </span>
     <span class='ocr_line' id='line_1_3' title="bbox 538 825 762 874; baseline 0.04 -9"><span class='ocrx_word' id='word_1_13' title='bbox 538 825 635 869; x_wconf 81' lang='lat' dir='ltr'><strong>uerus</strong></span> <span class='ocrx_word' id='word_1_14' title='bbox 656 829 762 874; x_wconf 84' lang='lat' dir='ltr'><strong>onom.</strong></span> 
     </span>
    </p>
   </div>
   <div class='ocr_carea' id='block_1_3' title="bbox 135 910 1149 2684">
    <p class='ocr_par' dir='ltr' id='par_1_3' title="bbox 159 910 1149 1005">
     <span class='ocr_line' id='line_1_4' title="bbox 159 910 1149 1005; baseline 0.016 -28"><span class='ocrx_word' id='word_1_15' title='bbox 159 976 162 977; x_wconf 10' lang='grc' dir='ltr'><em>γ</em></span> <span class='ocrx_word' id='word_1_16' title='bbox 190 962 252 1005; x_wconf 49' lang='grc' dir='ltr'><strong>,Ξ</strong></span> <span class='ocrx_word' id='word_1_17' title='bbox 445 910 566 977; x_wconf 90' lang='lat' dir='ltr'>UXIT</span> <span class='ocrx_word' id='word_1_18' title='bbox 582 915 696 1002; x_wconf 91' lang='lat' dir='ltr'><strong>itaque</strong></span> <span class='ocrx_word' id='word_1_19' title='bbox 716 918 879 985; x_wconf 84' lang='lat' dir='ltr'><strong>Locrinus</strong></span> <span class='ocrx_word' id='word_1_20' title='bbox 893 921 994 988; x_wconf 86' lang='lat' dir='ltr'><strong>filiam</strong></span> <span class='ocrx_word' id='word_1_21' title='bbox 1016 924 1149 993; x_wconf 79' lang='lat' dir='ltr'><strong>Corinei</strong></span> 
     </span>
    </p>

    <p class='ocr_par' dir='ltr' id='par_1_4' title="bbox 335 1009 1148 1096">
     <span class='ocr_line' id='line_1_5' title="bbox 335 1009 1148 1096; baseline 0.022 -22"><span class='ocrx_word' id='word_1_22' title='bbox 335 1009 347 1012; x_wconf 44' lang='lat'><strong>&#39;⁷</strong></span> <span class='ocrx_word' id='word_1_23' title='bbox 446 1011 705 1080; x_wconf 83' lang='lat' dir='ltr'><strong>Guendolaenam</strong></span> <span class='ocrx_word' id='word_1_24' title='bbox 719 1019 861 1096; x_wconf 90' lang='lat' dir='ltr'><strong>nomine,</strong></span> <span class='ocrx_word' id='word_1_25' title='bbox 877 1041 937 1086; x_wconf 89' lang='lat' dir='ltr'><strong>nec</strong></span> <span class='ocrx_word' id='word_1_26' title='bbox 958 1030 1069 1090; x_wconf 85' lang='lat' dir='ltr'><strong>tamen</strong></span> <span class='ocrx_word' id='word_1_27' title='bbox 1086 1024 1148 1092; x_wconf 88' lang='lat' dir='ltr'><strong>Es-</strong></span> 
     </span>
    </p>

    <p class='ocr_par' dir='ltr' id='par_1_5' title="bbox 442 1113 1149 1188">
     <span class='ocr_line' id='line_1_6' title="bbox 442 1113 1149 1188; baseline 0.02 -13"><span class='ocrx_word' id='word_1_28' title='bbox 442 1113 551 1178; x_wconf 85' lang='lat' dir='ltr'><strong>trildis</strong></span> <span class='ocrx_word' id='word_1_29' title='bbox 567 1116 688 1180; x_wconf 88' lang='lat' dir='ltr'><strong>amoris</strong></span> <span class='ocrx_word' id='word_1_30' title='bbox 703 1117 825 1182; x_wconf 86' lang='lat' dir='ltr'><strong>oblitus</strong></span> <span class='ocrx_word' id='word_1_31' title='bbox 840 1128 910 1185; x_wconf 86' lang='lat' dir='ltr'><strong>est:</strong></span> <span class='ocrx_word' id='word_1_32' title='bbox 938 1123 997 1186; x_wconf 85' lang='lat' dir='ltr'><strong>sed</strong></span> <span class='ocrx_word' id='word_1_33' title='bbox 1010 1123 1098 1188; x_wconf 85' lang='lat' dir='ltr'><strong>facto</strong></span> <span class='ocrx_word' id='word_1_34' title='bbox 1113 1125 1149 1188; x_wconf 92' lang='lat' dir='ltr'><strong>in</strong></span> 
     </span>
    </p>

    <p class='ocr_par' dir='ltr' id='par_1_6' title="bbox 401 1212 1149 1297">
     <span class='ocr_line' id='line_1_7' title="bbox 401 1212 1149 1297; baseline 0.019 -22"><span class='ocrx_word' id='word_1_35' title='bbox 401 1282 403 1284; x_wconf 54' lang='grc'><strong>,</strong></span> <span class='ocrx_word' id='word_1_36' title='bbox 443 1212 526 1278; x_wconf 89' lang='lat' dir='ltr'><strong>urbe</strong></span> <span class='ocrx_word' id='word_1_37' title='bbox 549 1213 752 1280; x_wconf 86' lang='lat' dir='ltr'><strong>Trinovanto</strong></span> <span class='ocrx_word' id='word_1_38' title='bbox 773 1217 998 1297; x_wconf 83' lang='lat' dir='ltr'><strong>subterraneo,</strong></span> <span class='ocrx_word' id='word_1_39' title='bbox 1020 1244 1092 1287; x_wconf 87' lang='lat' dir='ltr'><strong>eam</strong></span> <span class='ocrx_word' id='word_1_40' title='bbox 1113 1224 1149 1288; x_wconf 92' lang='lat' dir='ltr'><strong>in</strong></span> 
     </span>
    </p>

    <p class='ocr_par' dir='ltr' id='par_1_7' title="bbox 146 1308 1149 1488">
     <span class='ocr_line' id='line_1_8' title="bbox 146 1314 1149 1402; baseline 0.005 -20"><span class='ocrx_word' id='word_1_41' title='bbox 146 1364 210 1393; x_wconf 27' lang='grc' dir='ltr'><strong>,Α</strong></span> <span class='ocrx_word' id='word_1_42' title='bbox 443 1316 514 1401; x_wconf 89' lang='lat' dir='ltr'><strong>ipso</strong></span> <span class='ocrx_word' id='word_1_43' title='bbox 539 1314 682 1389; x_wconf 85' lang='lat' dir='ltr'><strong>inclusit,</strong></span> <span class='ocrx_word' id='word_1_44' title='bbox 703 1314 985 1402; x_wconf 79' lang='lat' dir='ltr'><strong>familiaribusque</strong></span> <span class='ocrx_word' id='word_1_45' title='bbox 1009 1322 1076 1386; x_wconf 87' lang='lat' dir='ltr'><strong>suis</strong></span> <span class='ocrx_word' id='word_1_46' title='bbox 1090 1323 1149 1387; x_wconf 92' lang='lat' dir='ltr'><strong>ho-</strong></span> 
     </span>
     <span class='ocr_line' id='line_1_9' title="bbox 156 1400 1149 1488; baseline 0.01 -11"><span class='ocrx_word' id='word_1_47' title='bbox 156 1408 237 1444; x_wconf 42' lang='lat' dir='ltr'><strong>f}</strong></span> <span class='ocrx_word' id='word_1_48' title='bbox 263 1400 350 1462; x_wconf 42' lang='grc' dir='ltr'><strong>ἐξ</strong></span> <span class='ocrx_word' id='word_1_49' title='bbox 387 1443 390 1447; x_wconf 67' lang='grc'><strong><em>’</em></strong></span> <span class='ocrx_word' id='word_1_50' title='bbox 443 1415 576 1482; x_wconf 88' lang='lat' dir='ltr'><strong>norifioe</strong></span> <span class='ocrx_word' id='word_1_51' title='bbox 592 1414 785 1478; x_wconf 87' lang='lat' dir='ltr'><strong>servandam</strong></span> <span class='ocrx_word' id='word_1_52' title='bbox 803 1416 951 1482; x_wconf 80' lang='lat' dir='ltr'><strong>tradidit.</strong></span> <span class='ocrx_word' id='word_1_53' title='bbox 1008 1418 1149 1488; x_wconf 89' lang='lat' dir='ltr'><strong>Volebat</strong></span> 
     </span>
    </p>

    <p class='ocr_par' dir='ltr' id='par_1_8' title="bbox 135 1515 1149 2684">
     <span class='ocr_line' id='line_1_10' title="bbox 139 1515 1149 1606; baseline 0.005 -24"><span class='ocrx_word' id='word_1_54' title='bbox 139 1519 419 1583; x_wconf 82' lang='lat' dir='ltr'><strong>saltemfurtivam</strong></span> <span class='ocrx_word' id='word_1_55' title='bbox 427 1517 835 1600; x_wconf 87' lang='lat' dir='ltr'><strong>Veneremcumeaagere.</strong></span> <span class='ocrx_word' id='word_1_56' title='bbox 865 1515 998 1583; x_wconf 91' lang='lat' dir='ltr'><strong>Timore</strong></span> <span class='ocrx_word' id='word_1_57' title='bbox 1006 1541 1149 1606; x_wconf 87' lang='lat' dir='ltr'><strong>namquo</strong></span> 
     </span>
     <span class='ocr_line' id='line_1_11' title="bbox 140 1612 1146 1699; baseline 0.007 -20"><span class='ocrx_word' id='word_1_58' title='bbox 140 1615 274 1681; x_wconf 81' lang='lat' dir='ltr'><strong>Corinci</strong></span> <span class='ocrx_word' id='word_1_59' title='bbox 300 1619 462 1693; x_wconf 81' lang='lat' dir='ltr'><strong>anxiatus,</strong></span> <span class='ocrx_word' id='word_1_60' title='bbox 490 1636 556 1679; x_wconf 92' lang='lat' dir='ltr'><strong>non</strong></span> <span class='ocrx_word' id='word_1_61' title='bbox 575 1612 717 1677; x_wconf 86' lang='lat' dir='ltr'><strong>audebat</strong></span> <span class='ocrx_word' id='word_1_62' title='bbox 743 1634 816 1676; x_wconf 88' lang='lat' dir='ltr'><strong>eam</strong></span> <span class='ocrx_word' id='word_1_63' title='bbox 838 1623 989 1698; x_wconf 88' lang='lat' dir='ltr'><strong>patenter</strong></span> <span class='ocrx_word' id='word_1_64' title='bbox 1014 1618 1146 1699; x_wconf 88' lang='lat' dir='ltr'><strong>habere,</strong></span> 
     </span>
     <span class='ocr_line' id='line_1_12' title="bbox 137 1712 1148 1806; baseline 0.008 -28"><span class='ocrx_word' id='word_1_65' title='bbox 137 1715 207 1790; x_wconf 87' lang='lat' dir='ltr'><strong>sed,</strong></span> <span class='ocrx_word' id='word_1_66' title='bbox 231 1724 270 1779; x_wconf 88' lang='lat' dir='ltr'><strong>ut</strong></span> <span class='ocrx_word' id='word_1_67' title='bbox 295 1717 489 1800; x_wconf 83' lang='lat' dir='ltr'><strong>praedictum</strong></span> <span class='ocrx_word' id='word_1_68' title='bbox 515 1721 575 1788; x_wconf 82' lang='lat' dir='ltr'><strong>cst,</strong></span> <span class='ocrx_word' id='word_1_69' title='bbox 603 1733 675 1776; x_wconf 91' lang='lat' dir='ltr'><strong>eam</strong></span> <span class='ocrx_word' id='word_1_70' title='bbox 691 1712 843 1789; x_wconf 79' lang='lat' dir='ltr'><strong>occuluit,</strong></span> <span class='ocrx_word' id='word_1_71' title='bbox 859 1713 1148 1806; x_wconf 79' lang='lat' dir='ltr'><strong>frequentavitque</strong></span> 
     </span>
     <span class='ocr_line' id='line_1_13' title="bbox 136 1811 1147 1901; baseline 0.008 -24"><span class='ocrx_word' id='word_1_72' title='bbox 136 1822 264 1897; x_wconf 83' lang='lat' dir='ltr'><strong>septem</strong></span> <span class='ocrx_word' id='word_1_73' title='bbox 278 1815 373 1878; x_wconf 91' lang='lat' dir='ltr'><strong>annis</strong></span> <span class='ocrx_word' id='word_1_74' title='bbox 388 1813 525 1899; x_wconf 84' lang='lat' dir='ltr'><strong>integris</strong></span> <span class='ocrx_word' id='word_1_75' title='bbox 540 1811 670 1876; x_wconf 87' lang='lat' dir='ltr'><strong>nemine</strong></span> <span class='ocrx_word' id='word_1_76' title='bbox 684 1812 913 1895; x_wconf 84' lang='lat' dir='ltr'><strong>comperiente,</strong></span> <span class='ocrx_word' id='word_1_77' title='bbox 930 1819 1073 1901; x_wconf 85' lang='lat' dir='ltr'><strong>exceptis</strong></span> <span class='ocrx_word' id='word_1_78' title='bbox 1082 1819 1147 1886; x_wconf 80' lang='lat' dir='ltr'><strong>illis</strong></span> 
     </span>
     <span class='ocr_line' id='line_1_14' title="bbox 137 1910 1146 2004; baseline -0.005 -28"><span class='ocrx_word' id='word_1_79' title='bbox 137 1913 195 1997; x_wconf 92' lang='lat' dir='ltr'><strong>qui</strong></span> <span class='ocrx_word' id='word_1_80' title='bbox 211 1913 281 1996; x_wconf 90' lang='lat' dir='ltr'><strong>ejus</strong></span> <span class='ocrx_word' id='word_1_81' title='bbox 296 1911 512 1976; x_wconf 82' lang='lat' dir='ltr'><strong>familiaritati</strong></span> <span class='ocrx_word' id='word_1_82' title='bbox 531 1910 747 1995; x_wconf 85' lang='lat' dir='ltr'><strong>proximiores</strong></span> <span class='ocrx_word' id='word_1_83' title='bbox 768 1919 872 1977; x_wconf 85' lang='lat' dir='ltr'><strong>erant.</strong></span> <span class='ocrx_word' id='word_1_84' title='bbox 918 1912 1047 2001; x_wconf 86' lang='lat' dir='ltr'><strong>Nempe</strong></span> <span class='ocrx_word' id='word_1_85' title='bbox 1066 1940 1146 2004; x_wconf 84' lang='lat' dir='ltr'><strong>quo.</strong></span> 
     </span>
     <span class='ocr_line' id='line_1_15' title="bbox 135 2008 1147 2094; baseline 0.007 -20"><span class='ocrx_word' id='word_1_86' title='bbox 135 2011 331 2094; x_wconf 87' lang='lat' dir='ltr'><strong>tiescunque</strong></span> <span class='ocrx_word' id='word_1_87' title='bbox 346 2031 418 2074; x_wconf 88' lang='lat' dir='ltr'><strong>eam</strong></span> <span class='ocrx_word' id='word_1_88' title='bbox 433 2009 554 2084; x_wconf 87' lang='lat' dir='ltr'><strong>adibat,</strong></span> <span class='ocrx_word' id='word_1_89' title='bbox 561 2008 706 2093; x_wconf 86' lang='lat' dir='ltr'><strong>fingebat</strong></span> <span class='ocrx_word' id='word_1_90' title='bbox 721 2029 757 2072; x_wconf 90' lang='lat' dir='ltr'><strong>se</strong></span> <span class='ocrx_word' id='word_1_91' title='bbox 771 2010 854 2074; x_wconf 86' lang='lat' dir='ltr'><strong>velle</strong></span> <span class='ocrx_word' id='word_1_92' title='bbox 869 2012 1032 2078; x_wconf 86' lang='lat' dir='ltr'><strong>occultum</strong></span> <span class='ocrx_word' id='word_1_93' title='bbox 1048 2017 1147 2081; x_wconf 88' lang='lat' dir='ltr'><strong>sacri-</strong></span> 
     </span>
     <span class='ocr_line' id='line_1_16' title="bbox 135 2105 1147 2192; baseline 0.01 -22"><span class='ocrx_word' id='word_1_94' title='bbox 135 2107 247 2172; x_wconf 88' lang='lat' dir='ltr'><strong>ficium</strong></span> <span class='ocrx_word' id='word_1_95' title='bbox 263 2109 326 2172; x_wconf 87' lang='lat' dir='ltr'><strong>diis</strong></span> <span class='ocrx_word' id='word_1_96' title='bbox 343 2109 410 2172; x_wconf 87' lang='lat' dir='ltr'><strong>suis</strong></span> <span class='ocrx_word' id='word_1_97' title='bbox 421 2108 540 2172; x_wconf 88' lang='lat' dir='ltr'><strong>facere.</strong></span> <span class='ocrx_word' id='word_1_98' title='bbox 588 2105 686 2169; x_wconf 87' lang='lat' dir='ltr'><strong>Unde</strong></span> <span class='ocrx_word' id='word_1_99' title='bbox 702 2127 850 2192; x_wconf 89' lang='lat' dir='ltr'><strong>quosque</strong></span> <span class='ocrx_word' id='word_1_100' title='bbox 860 2109 944 2174; x_wconf 87' lang='lat' dir='ltr'><strong>falsa</strong></span> <span class='ocrx_word' id='word_1_101' title='bbox 953 2114 1147 2180; x_wconf 87' lang='lat' dir='ltr'><strong>credulitate</strong></span> 
     </span>
     <span class='ocr_line' id='line_1_17' title="bbox 135 2204 1147 2294; baseline 0.008 -25"><span class='ocrx_word' id='word_1_102' title='bbox 135 2209 290 2272; x_wconf 85' lang='lat' dir='ltr'><strong>movebat</strong></span> <span class='ocrx_word' id='word_1_103' title='bbox 315 2207 460 2292; x_wconf 89' lang='lat' dir='ltr'><strong>idipsum</strong></span> <span class='ocrx_word' id='word_1_104' title='bbox 490 2206 689 2272; x_wconf 83' lang='lat' dir='ltr'><strong>existimare.</strong></span> <span class='ocrx_word' id='word_1_105' title='bbox 737 2204 869 2272; x_wconf 88' lang='lat' dir='ltr'><strong>Interea</strong></span> <span class='ocrx_word' id='word_1_106' title='bbox 893 2211 1031 2294; x_wconf 85' lang='lat' dir='ltr'><strong>gravida</strong></span> <span class='ocrx_word' id='word_1_107' title='bbox 1058 2214 1147 2281; x_wconf 84' lang='lat' dir='ltr'><strong>facta</strong></span> 
     </span>
     <span class='ocr_line' id='line_1_18' title="bbox 135 2303 1146 2399; baseline 0.009 -29"><span class='ocrx_word' id='word_1_108' title='bbox 135 2314 190 2386; x_wconf 75' lang='lat' dir='ltr'><strong>est:¹</strong></span> <span class='ocrx_word' id='word_1_109' title='bbox 203 2306 360 2371; x_wconf 85' lang='lat' dir='ltr'><strong>Estrildis</strong></span> <span class='ocrx_word' id='word_1_110' title='bbox 376 2307 544 2389; x_wconf 86' lang='lat' dir='ltr'><strong>ediditque</strong></span> <span class='ocrx_word' id='word_1_111' title='bbox 558 2305 659 2368; x_wconf 90' lang='lat' dir='ltr'><strong>filiam</strong></span> <span class='ocrx_word' id='word_1_112' title='bbox 669 2303 762 2368; x_wconf 79' lang='lat' dir='ltr'><strong>mira</strong></span> <span class='ocrx_word' id='word_1_113' title='bbox 770 2305 1033 2389; x_wconf 83' lang='lat' dir='ltr'><strong>pulchritudinis,</strong></span> <span class='ocrx_word' id='word_1_114' title='bbox 1047 2335 1146 2399; x_wconf 90' lang='lat' dir='ltr'><strong>quam</strong></span> 
     </span>
     <span class='ocr_line' id='line_1_19' title="bbox 138 2401 1144 2491; baseline 0.009 -23"><span class='ocrx_word' id='word_1_115' title='bbox 138 2405 266 2470; x_wconf 87' lang='lat' dir='ltr'><strong>Sabren</strong></span> <span class='ocrx_word' id='word_1_116' title='bbox 282 2405 421 2470; x_wconf 86' lang='lat' dir='ltr'><strong>vocavit.</strong></span> <span class='ocrx_word' id='word_1_117' title='bbox 471 2403 618 2467; x_wconf 83' lang='lat' dir='ltr'><strong>Gravida</strong></span> <span class='ocrx_word' id='word_1_118' title='bbox 632 2404 732 2467; x_wconf 89' lang='lat' dir='ltr'><strong>etiam</strong></span> <span class='ocrx_word' id='word_1_119' title='bbox 743 2404 831 2468; x_wconf 84' lang='lat' dir='ltr'><strong>facta</strong></span> <span class='ocrx_word' id='word_1_120' title='bbox 845 2415 897 2471; x_wconf 86' lang='lat' dir='ltr'><strong>est</strong></span> <span class='ocrx_word' id='word_1_121' title='bbox 908 2401 1144 2491; x_wconf 68' lang='lat' dir='ltr'><strong>Guendoldcna,</strong></span> 
     </span>
     <span class='ocr_line' id='line_1_20' title="bbox 135 2501 1143 2589; baseline 0.01 -22"><span class='ocrx_word' id='word_1_122' title='bbox 135 2505 318 2589; x_wconf 86' lang='lat' dir='ltr'><strong>genuitque</strong></span> <span class='ocrx_word' id='word_1_123' title='bbox 333 2524 483 2587; x_wconf 89' lang='lat' dir='ltr'><strong>puerum,</strong></span> <span class='ocrx_word' id='word_1_124' title='bbox 505 2502 558 2565; x_wconf 91' lang='lat' dir='ltr'><strong>cui</strong></span> <span class='ocrx_word' id='word_1_125' title='bbox 573 2501 762 2585; x_wconf 84' lang='lat' dir='ltr'><strong>impositum</strong></span> <span class='ocrx_word' id='word_1_126' title='bbox 778 2512 829 2568; x_wconf 88' lang='lat' dir='ltr'><strong>est</strong></span> <span class='ocrx_word' id='word_1_127' title='bbox 843 2525 962 2570; x_wconf 88' lang='lat' dir='ltr'><strong>nomen</strong></span> <span class='ocrx_word' id='word_1_128' title='bbox 983 2506 1143 2578; x_wconf 88' lang='lat' dir='ltr'><strong>Maddan.</strong></span> 
     </span>
     <span class='ocr_line' id='line_1_21' title="bbox 137 2599 1144 2684; baseline 0.013 -20"><span class='ocrx_word' id='word_1_129' title='bbox 137 2601 203 2666; x_wconf 91' lang='lat' dir='ltr'><strong>Hic</strong></span> <span class='ocrx_word' id='word_1_130' title='bbox 216 2601 359 2666; x_wconf 77' lang='lat' dir='ltr'><strong>Corineo</strong></span> <span class='ocrx_word' id='word_1_131' title='bbox 369 2622 430 2666; x_wconf 91' lang='lat' dir='ltr'><strong>avo</strong></span> <span class='ocrx_word' id='word_1_132' title='bbox 440 2623 499 2666; x_wconf 88' lang='lat' dir='ltr'><strong>suo</strong></span> <span class='ocrx_word' id='word_1_133' title='bbox 508 2599 662 2676; x_wconf 82' lang='lat' dir='ltr'><strong>traditus,</strong></span> <span class='ocrx_word' id='word_1_134' title='bbox 673 2600 776 2684; x_wconf 88' lang='lat' dir='ltr'><strong>ipsius</strong></span> <span class='ocrx_word' id='word_1_135' title='bbox 786 2602 980 2669; x_wconf 88' lang='lat' dir='ltr'><strong>documenta</strong></span> <span class='ocrx_word' id='word_1_136' title='bbox 989 2606 1144 2677; x_wconf 83' lang='lat' dir='ltr'><strong>discebat.</strong></span> 
     </span>
    </p>
   </div>
   <div class='ocr_carea' id='block_1_4' title="bbox 170 2862 1105 3019">
    <p class='ocr_par' dir='ltr' id='par_1_9' title="bbox 170 2862 1105 3019">
     <span class='ocr_line' id='line_1_22' title="bbox 170 2862 1105 2942; baseline 0.01 -21"><span class='ocrx_word' id='word_1_137' title='bbox 170 2862 184 2942; x_wconf 65' lang='grc' dir='ltr'><strong>ξ</strong></span> <span class='ocrx_word' id='word_1_138' title='bbox 206 2864 234 2922; x_wconf 88' lang='grc'><strong>5.</strong></span> <span class='ocrx_word' id='word_1_139' title='bbox 257 2879 413 2923; x_wconf 78' lang='lat' dir='ltr'><strong>nocemus</strong></span> <span class='ocrx_word' id='word_1_140' title='bbox 437 2879 677 2923; x_wconf 79' lang='lat' dir='ltr'><strong>mrnnmcmun:</strong></span> <span class='ocrx_word' id='word_1_141' title='bbox 707 2879 870 2926; x_wconf 82' lang='lat' dir='ltr'><strong>nsramms</strong></span> <span class='ocrx_word' id='word_1_142' title='bbox 890 2883 929 2925; x_wconf 81' lang='lat' dir='ltr'><strong>nn</strong></span> <span class='ocrx_word' id='word_1_143' title='bbox 951 2885 1049 2929; x_wconf 73' lang='lat' dir='ltr'><strong>sunan</strong></span> <span class='ocrx_word' id='word_1_144' title='bbox 1071 2887 1105 2930; x_wconf 70' lang='lat' dir='ltr'><strong>na</strong></span> 
     </span>
     <span class='ocr_line' id='line_1_23' title="bbox 429 2971 859 3019; baseline 0.012 -5"><span class='ocrx_word' id='word_1_145' title='bbox 429 2972 570 3015; x_wconf 75' lang='lat' dir='ltr'><strong>nnuman</strong></span> <span class='ocrx_word' id='word_1_146' title='bbox 591 2971 859 3019; x_wconf 76' lang='lat' dir='ltr'><strong>rnncmrinrun.</strong></span> 
     </span>
    </p>
   </div>
   <div class='ocr_carea' id='block_1_5' title="bbox 78 3085 1146 4270">
    <p class='ocr_par' dir='ltr' id='par_1_10' title="bbox 197 3085 1146 3468">
     <span class='ocr_line' id='line_1_24' title="bbox 197 3085 1143 3180; baseline 0.021 -37"><span class='ocrx_word' id='word_1_147' title='bbox 197 3122 237 3151; x_wconf 53' lang='grc' dir='ltr'><em>ς</em></span> <span class='ocrx_word' id='word_1_148' title='bbox 384 3118 390 3123; x_wconf 56' lang='grc'><strong><em>’</em></strong></span> <span class='ocrx_word' id='word_1_149' title='bbox 442 3085 769 3166; x_wconf 77' lang='lat' dir='ltr'>UBSEQUENTE</span> <span class='ocrx_word' id='word_1_150' title='bbox 810 3090 944 3154; x_wconf 87' lang='lat' dir='ltr'><strong>tandem</strong></span> <span class='ocrx_word' id='word_1_151' title='bbox 985 3103 1143 3180; x_wconf 87' lang='lat' dir='ltr'><strong>tempore,</strong></span> 
     </span>
     <span class='ocr_line' id='line_1_25' title="bbox 442 3185 1144 3263; baseline 0.021 -15"><span class='ocrx_word' id='word_1_152' title='bbox 442 3186 597 3250; x_wconf 88' lang='lat' dir='ltr'><strong>defuncto</strong></span> <span class='ocrx_word' id='word_1_153' title='bbox 626 3185 778 3262; x_wconf 82' lang='lat' dir='ltr'><strong>oorineo,</strong></span> <span class='ocrx_word' id='word_1_154' title='bbox 810 3187 955 3256; x_wconf 89' lang='lat' dir='ltr'><strong>deseruit</strong></span> <span class='ocrx_word' id='word_1_155' title='bbox 981 3192 1144 3263; x_wconf 84' lang='lat' dir='ltr'><strong>Locrinus</strong></span> 
     </span>
     <span class='ocr_line' id='line_1_26' title="bbox 443 3284 1145 3382; baseline 0.017 -34"><span class='ocrx_word' id='word_1_156' title='bbox 443 3284 712 3361; x_wconf 70' lang='lat' dir='ltr'><strong>Guendoloenam</strong></span> <span class='ocrx_word' id='word_1_157' title='bbox 735 3284 981 3374; x_wconf 87' lang='lat' dir='ltr'><strong>Estrildemque</strong></span> <span class='ocrx_word' id='word_1_158' title='bbox 1000 3293 1035 3356; x_wconf 92' lang='lat' dir='ltr'><strong>in</strong></span> <span class='ocrx_word' id='word_1_159' title='bbox 1059 3297 1145 3382; x_wconf 89' lang='lat' dir='ltr'><strong>regi·</strong></span> 
     </span>
     <span class='ocr_line' id='line_1_27' title="bbox 441 3382 1146 3468; baseline 0.018 -22"><span class='ocrx_word' id='word_1_160' title='bbox 441 3405 517 3448; x_wconf 91' lang='lat' dir='ltr'><strong>nam</strong></span> <span class='ocrx_word' id='word_1_161' title='bbox 533 3384 647 3448; x_wconf 86' lang='lat' dir='ltr'><strong>erexit.</strong></span> <span class='ocrx_word' id='word_1_162' title='bbox 694 3382 812 3468; x_wconf 86' lang='lat' dir='ltr'><strong>Itaque</strong></span> <span class='ocrx_word' id='word_1_163' title='bbox 824 3385 1049 3456; x_wconf 84' lang='lat' dir='ltr'><strong>Guendoloena</strong></span> <span class='ocrx_word' id='word_1_164' title='bbox 1057 3394 1146 3460; x_wconf 87' lang='lat' dir='ltr'><strong>ultra</strong></span> 
     </span>
    </p>

    <p class='ocr_par' dir='ltr' id='par_1_11' title="bbox 197 3482 1143 3572">
     <span class='ocr_line' id='line_1_28' title="bbox 248 3482 1143 3572; baseline 0.016 -29.191"><span class='ocrx_word' id='word_1_165' title='bbox 248 3520 250 3523; x_wconf 95' lang='lat'>-</span> <span class='ocrx_word' id='word_1_166' title='bbox 441 3482 575 3547; x_wconf 91' lang='lat' dir='ltr'><strong>modum</strong></span> <span class='ocrx_word' id='word_1_167' title='bbox 603 3483 776 3568; x_wconf 87' lang='lat' dir='ltr'><strong>indignans</strong></span> <span class='ocrx_word' id='word_1_168' title='bbox 806 3486 909 3552; x_wconf 88' lang='lat' dir='ltr'><strong>adivit</strong></span> <span class='ocrx_word' id='word_1_169' title='bbox 932 3487 1143 3572; x_wconf 86' lang='lat' dir='ltr'><strong>Oornubiam,</strong></span> 
     </span>
    </p>

    <p class='ocr_par' dir='ltr' id='par_1_12' title="bbox 78 3574 1144 4270">
     <span class='ocr_line' id='line_1_29' title="bbox 146 3574 1144 3671; baseline 0.019 -32"><span class='ocrx_word' id='word_1_170' title='bbox 146 3615 149 3622; x_wconf 86' lang='lat'><strong>.</strong></span> <span class='ocrx_word' id='word_1_171' title='bbox 205 3574 222 3587; x_wconf 62' lang='lat'>²</span> <span class='ocrx_word' id='word_1_172' title='bbox 442 3581 641 3664; x_wconf 87' lang='lat' dir='ltr'><strong>collectaque</strong></span> <span class='ocrx_word' id='word_1_173' title='bbox 649 3582 752 3646; x_wconf 88' lang='lat' dir='ltr'><strong>totius</strong></span> <span class='ocrx_word' id='word_1_174' title='bbox 764 3585 858 3668; x_wconf 89' lang='lat' dir='ltr'><strong>regni</strong></span> <span class='ocrx_word' id='word_1_175' title='bbox 869 3585 957 3650; x_wconf 86' lang='lat' dir='ltr'><strong>illius</strong></span> <span class='ocrx_word' id='word_1_176' title='bbox 967 3589 1144 3671; x_wconf 89' lang='lat' dir='ltr'><strong>juventute</strong></span> 
     </span>
     <span class='ocr_line' id='line_1_30' title="bbox 78 3679 1143 3766; baseline 0.012 -23"><span class='ocrx_word' id='word_1_177' title='bbox 78 3750 80 3754; x_wconf 57' lang='grc'>,</span> <span class='ocrx_word' id='word_1_178' title='bbox 135 3679 231 3762; x_wconf 82' lang='lat' dir='ltr'><strong>&#39;coepit</strong></span> <span class='ocrx_word' id='word_1_179' title='bbox 246 3680 517 3763; x_wconf 89' lang='lat' dir='ltr'><strong>inquietationem</strong></span> <span class='ocrx_word' id='word_1_180' title='bbox 533 3679 676 3744; x_wconf 86' lang='lat' dir='ltr'><strong>Locrino</strong></span> <span class='ocrx_word' id='word_1_181' title='bbox 691 3681 850 3766; x_wconf 85' lang='lat' dir='ltr'><strong>ingerere.</strong></span> <span class='ocrx_word' id='word_1_182' title='bbox 899 3685 1059 3753; x_wconf 81' lang='lat' dir='ltr'><strong>Conserto</strong></span> <span class='ocrx_word' id='word_1_183' title='bbox 1071 3699 1143 3756; x_wconf 86' lang='lat' dir='ltr'><strong>tan·</strong></span> 
     </span>
     <span class='ocr_line' id='line_1_31' title="bbox 136 3777 1144 3872; baseline 0.014 -32"><span class='ocrx_word' id='word_1_184' title='bbox 136 3778 209 3842; x_wconf 90' lang='lat' dir='ltr'><strong>dem</strong></span> <span class='ocrx_word' id='word_1_185' title='bbox 224 3785 442 3861; x_wconf 87' lang='lat' dir='ltr'><strong>utrorumque</strong></span> <span class='ocrx_word' id='word_1_186' title='bbox 458 3777 616 3855; x_wconf 87' lang='lat' dir='ltr'><strong>exercitu,</strong></span> <span class='ocrx_word' id='word_1_187' title='bbox 633 3780 866 3846; x_wconf 86' lang='lat' dir='ltr'><strong>commiserunt</strong></span> <span class='ocrx_word' id='word_1_188' title='bbox 880 3785 1028 3867; x_wconf 85' lang='lat' dir='ltr'><strong>praelium</strong></span> <span class='ocrx_word' id='word_1_189' title='bbox 1044 3788 1144 3872; x_wconf 84' lang='lat' dir='ltr'><strong>juxta</strong></span> 
     </span>
     <span class='ocr_line' id='line_1_32' title="bbox 137 3875 1142 3968; baseline 0.015 -29"><span class='ocrx_word' id='word_1_190' title='bbox 137 3875 274 3940; x_wconf 89' lang='lat' dir='ltr'><strong>Sturam</strong></span> <span class='ocrx_word' id='word_1_191' title='bbox 294 3876 430 3939; x_wconf 88' lang='lat' dir='ltr'><strong>fluvium</strong></span> <span class='ocrx_word' id='word_1_192' title='bbox 445 3877 502 3940; x_wconf 94' lang='lat' dir='ltr'><strong>ubi</strong></span> <span class='ocrx_word' id='word_1_193' title='bbox 519 3876 691 3954; x_wconf 90' lang='lat' dir='ltr'><strong>Locrinus,</strong></span> <span class='ocrx_word' id='word_1_194' title='bbox 718 3879 787 3942; x_wconf 89' lang='lat' dir='ltr'><strong>ictu</strong></span> <span class='ocrx_word' id='word_1_195' title='bbox 804 3881 931 3966; x_wconf 71' lang='lat' dir='ltr'><strong>sagittae</strong></span> <span class='ocrx_word' id='word_1_196' title='bbox 956 3905 1142 3968; x_wconf 88' lang='lat' dir='ltr'><strong>percussus,</strong></span> 
     </span>
     <span class='ocr_line' id='line_1_33' title="bbox 134 3974 1142 4069; baseline 0.018 -31"><span class='ocrx_word' id='word_1_197' title='bbox 134 3977 255 4060; x_wconf 87' lang='lat' dir='ltr'><strong>gaudia</strong></span> <span class='ocrx_word' id='word_1_198' title='bbox 266 3975 342 4039; x_wconf 84' lang='lat' dir='ltr'><strong>vitae</strong></span> <span class='ocrx_word' id='word_1_199' title='bbox 358 3975 477 4039; x_wconf 90' lang='lat' dir='ltr'><strong>amisit.</strong></span> <span class='ocrx_word' id='word_1_200' title='bbox 525 3974 701 4061; x_wconf 89' lang='lat' dir='ltr'><strong>Perempto</strong></span> <span class='ocrx_word' id='word_1_201' title='bbox 716 3978 819 4064; x_wconf 86' lang='lat' dir='ltr'><strong>igitur</strong></span> <span class='ocrx_word' id='word_1_202' title='bbox 835 3980 901 4058; x_wconf 92' lang='lat' dir='ltr'><strong>illo,</strong></span> <span class='ocrx_word' id='word_1_203' title='bbox 923 3984 1008 4069; x_wconf 91' lang='lat' dir='ltr'><strong>oepit</strong></span> <span class='ocrx_word' id='word_1_204' title='bbox 1030 3986 1142 4056; x_wconf 89' lang='lat' dir='ltr'><strong>Gueu-</strong></span> 
     </span>
     <span class='ocr_line' id='line_1_34' title="bbox 136 4076 1140 4161; baseline 0.017 -22"><span class='ocrx_word' id='word_1_205' title='bbox 136 4077 262 4140; x_wconf 83' lang='lat' dir='ltr'><strong>doloena</strong></span> <span class='ocrx_word' id='word_1_206' title='bbox 291 4076 385 4160; x_wconf 89' lang='lat' dir='ltr'><strong>regni</strong></span> <span class='ocrx_word' id='word_1_207' title='bbox 414 4076 673 4161; x_wconf 89' lang='lat' dir='ltr'><strong>gubernaculum</strong></span> <span class='ocrx_word' id='word_1_208' title='bbox 702 4086 839 4161; x_wconf 86' lang='lat' dir='ltr'><strong>paterna</strong></span> <span class='ocrx_word' id='word_1_209' title='bbox 868 4081 981 4148; x_wconf 87' lang='lat' dir='ltr'><strong>furens</strong></span> <span class='ocrx_word' id='word_1_210' title='bbox 1003 4085 1140 4156; x_wconf 84' lang='lat' dir='ltr'><strong>insania.</strong></span> 
     </span>
     <span class='ocr_line' id='line_1_35' title="bbox 137 4172 1141 4270; baseline 0.012 -30"><span class='ocrx_word' id='word_1_211' title='bbox 137 4176 236 4240; x_wconf 88' lang='lat' dir='ltr'><strong>Jubet</strong></span> <span class='ocrx_word' id='word_1_212' title='bbox 253 4175 339 4239; x_wconf 88' lang='lat' dir='ltr'><strong>euim</strong></span> <span class='ocrx_word' id='word_1_213' title='bbox 356 4172 535 4238; x_wconf 81' lang='lat' dir='ltr'><strong>Estrildem</strong></span> <span class='ocrx_word' id='word_1_214' title='bbox 551 4185 584 4239; x_wconf 87' lang='lat' dir='ltr'><strong>et</strong></span> <span class='ocrx_word' id='word_1_215' title='bbox 599 4176 698 4240; x_wconf 89' lang='lat' dir='ltr'><strong>filiam</strong></span> <span class='ocrx_word' id='word_1_216' title='bbox 718 4178 787 4241; x_wconf 78' lang='lat' dir='ltr'><strong>&#39;eius</strong></span> <span class='ocrx_word' id='word_1_217' title='bbox 806 4178 930 4246; x_wconf 85' lang='lat' dir='ltr'><strong>Sabren</strong></span> <span class='ocrx_word' id='word_1_218' title='bbox 945 4186 1141 4270; x_wconf 81' lang='lat' dir='ltr'><strong>praecipitari</strong></span> 
     </span>
    </p>
   </div>
   <div class='ocr_carea' id='block_1_6' title="bbox 0 0 1436 4870">
    <p class='ocr_par' dir='ltr' id='par_1_13' title="bbox 0 0 1436 4870">
     <span class='ocr_line' id='line_1_36' title="bbox 0 0 1436 4870; baseline 0 1"><span class='ocrx_word' id='word_1_219' title='bbox 0 0 1436 4870; x_wconf 95' lang='lat' dir='ltr'><strong> </strong></span> 
     </span>
    </p>
   </div>
  </div>
 </body>
</html>
