2848 4888
282 469 342 534 190
585 485 696 532 omn.
718 487 959 532 normannus

280 633 391 709 disset,
423 632 521 697 sciret
550 653 616 717 quo
641 641 752 716 posset
782 654 854 698 sese
874 633 1029 717 recipere,
1056 639 1091 696 et
1114 631 1287 696 resociatis

279 732 398 797 turmis
432 732 552 795 iterum
589 732 739 795 hostibus
777 733 890 816 praelia
926 732 1086 816 ingerere.
1147 730 1286 796 Ceteros

279 831 377 896 etiam
388 851 447 914 per
459 838 606 894 catervas
616 839 767 914 septem
777 832 986 906 distribuens,
994 840 1027 894 et
1038 830 1073 892 in
1084 849 1289 912 unaquaque

278 937 408 995 mterva
437 929 607 1013 quinquies
636 931 735 1005 mille,
759 931 952 1016 quingentos
983 936 1016 993 et
1046 928 1286 1012 quinquaginta

278 1028 422 1112 quinque
451 1029 539 1092 viros
574 1029 724 1092 omnibus
754 1029 854 1093 armis
888 1029 1066 1092 instructos
1100 1027 1283 1092 collocavit.

278 1126 362 1191 Pars
384 1147 514 1210 quoque
536 1133 735 1190 statutarum
750 1135 934 1192 turmarum
955 1126 1150 1210 disponitur,
1168 1146 1284 1208 eques-

273 1225 356 1290 tris:
379 1245 455 1309 pars
467 1233 576 1289 autem
591 1225 695 1288 altera
704 1225 884 1309 pedestris:
907 1225 1067 1308 daturque
1081 1231 1284 1308 praeceptum

275 1324 362 1388 inter
391 1345 457 1399 eos,
488 1331 526 1388 ut
556 1323 634 1387 dum
661 1324 822 1407 pedestris
851 1332 962 1388 turma
990 1322 1033 1387 ad
1061 1322 1282 1386 invadendum

274 1421 442 1487 intendat:
484 1422 645 1506 equestris
682 1421 768 1485 illico
798 1422 840 1485 ab
869 1422 999 1505 obliquo
1034 1421 1280 1504 superveniens,

266 1511 389 1585 'stricto
403 1520 533 1605 agmine
553 1519 712 1603 dissipare
732 1520 844 1584 hostes
859 1520 993 1585 nitatur.
1039 1517 1146 1583 Erant
1169 1528 1281 1586 autem

272 1617 442 1701 pedestres
468 1626 616 1695 caterva,
641 1618 832 1682 Britannico
860 1639 962 1693 more,
993 1639 1066 1680 oum
1096 1617 1216 1682 dextro
1246 1627 1280 1682 et

272 1718 407 1781 sinistro
419 1739 518 1782 cornu
540 1718 575 1781 in
586 1716 748 1803 quadrum
763 1725 914 1781 statuta:
936 1737 1076 1800 quarum
1087 1717 1146 1779 uni
1161 1716 1278 1804 Augu·

273 1817 359 1880 selus
382 1837 441 1878 rex
468 1813 626 1891 Albaniae,
653 1823 688 1881 et
711 1815 820 1880 Cador
845 1815 911 1878 dux
934 1814 1117 1890 Cornubiae,
1134 1836 1221 1880 unus
1243 1816 1277 1878 in

272 1914 389 1978 dextro
401 1934 512 1988 cornu,
526 1921 559 1978 et
569 1915 653 1977 alter
667 1914 702 1977 in
718 1915 851 1978 sinistro
860 1915 1097 1999 praefioiuntur:
1120 1914 1176 1976 aiii
1186 1906 1276 1988 ver'o,

271 2012 334 2076 duo
348 2011 492 2096 insignes
508 2011 664 2087 consides,
690 2011 857 2076 Guerinus
872 2013 1023 2076 videlieet
1050 2011 1274 2087 Carnotensis‚

270 2119 304 2175 et
320 2109 408 2174 Boso
425 2109 465 2173 de
481 2108 654 2185 Riehiden,
672 2131 742 2193 quae
764 2111 878 2194 linqua
905 2110 1071 2174 Saxonum
1088 2108 1276 2175 Oxineford

268 2218 495 2294 nuncupatur:
517 2209 625 2272 tertiae
639 2229 718 2272 vero
732 2216 851 2272 turmae
871 2207 984 2272 Asohil
1006 2229 1065 2271 rex
1092 2206 1273 2286 Dacorum,

268 2316 368 2392 atque
394 2307 462 2372 Lot
486 2328 546 2370 rex
572 2305 864 2390 Norwegensium:
898 2314 1022 2389 quarta
1049 2304 1178 2370 Hoelus
1206 2307 1273 2371 dux

267 2405 560 2469 Armorioanorum
574 2412 674 2488 atque
690 2403 906 2489 Walguainus
928 2424 1029 2487 nepos
1044 2404 1142 2488 regis.
1191 2404 1274 2470 Post

266 2504 327 2567 has
356 2511 467 2567 autem
496 2509 647 2587 quatuor,
678 2501 814 2565 fuerunt
842 2501 913 2564 aliae
951 2510 1093 2584 quatuor
1123 2524 1143 2564 a
1173 2503 1273 2569 dorso

268 2607 409 2675 statuta,
437 2621 575 2684 quarum
599 2599 657 2662 uni
683 2605 918 2683 praeponuntur
947 2597 1044 2662 Gaius
1070 2599 1208 2683 dapifer,
1237 2612 1271 2666 et

266 2698 439 2762 Beduerus
453 2698 643 2782 princerna:
666 2697 721 2760 aiii
735 2703 845 2759 autem
867 2695 1088 2779 praeficiuntur
1105 2696 1271 2764 Holdinus

266 2795 333 2859 dux
349 2794 568 2871 Rutenorum,
591 2802 625 2858 et
642 2793 825 2857 Guitardus
841 2794 907 2857 dux
924 2793 1189 2860 Pietavensium:
1202 2805 1269 2860 ter-

264 2895 320 2957 tiae
330 2894 466 2979 Vigenis
479 2893 519 2958 de
531 2892 750 2978 Legeeestria,
764 2900 798 2955 et
814 2891 835 2956 J
837 2893 969 2968 onathal
986 2891 1265 2972 Dorenestrnnsis,

264 3001 364 3074 atque
375 2991 545 3055 Gursniem
555 2991 595 3054 de
603 2990 803 3054 Oaioestria:
827 2999 1036 3073 quartavern
1053 2989 1266 3078 Urdgmius

264 3091 306 3154 de
321 3088 465 3154 Badone.
512 3088 588 3173 Ipse
603 3110 733 3173 quoque
742 3089 841 3178 elegit
854 3097 929 3172 post
943 3090 1010 3153 hos
1019 3089 1085 3154 sitt-
1097 3100 1136 3154 et
1145 3093 1266 3188 lsg'oni

263 3189 322 3253 uui
337 3209 435 3272 qnam
447 3187 508 3251 sibi
523 3187 637 3252 adesse
652 3188 873 3263 affectaverat,
889 3187 1187 3271 locumquandam,
1198 3213 1266 3277 qiu)

262 3307 399 3352 aureum
426 3285 598 3348 draconem
627 3285 743 3361 infixit,
769 3306 866 3369 quem
886 3307 946 3369 pro
969 3287 1094 3352 venitin
1112 3289 1262 3366 beheim

262 3406 327 3469 quo
338 3382 498 3448 vulnerati
513 3389 546 3445 et
555 3382 696 3467 fatigati,
714 3383 742 3446 si
751 3383 926 3447 nenessitas
942 3386 1156 3469 compelleret,
1169 3388 1265 3471 quasi

260 3484 302 3547 ad
317 3491 424 3547 eastra
439 3481 646 3564 diffugerent.
692 3479 842 3544 Aderant
867 3491 977 3546 autem
1002 3483 1038 3546 in
1056 3484 1186 3568 legione
1209 3486 1265 3552 illa

260 3602 358 3664 quam
374 3602 481 3646 secum
495 3579 645 3655 habebat,
662 3599 719 3643 sex
730 3579 829 3655 milia,
847 3581 991 3644 sexcenti
1006 3582 1178 3666 sexaginta
1193 3603 1261 3650 sex.
