2872 4876
396 459 551 502 moronus
573 458 645 503 nno.
660 460 743 504 arur.
765 460 826 504 mn.
848 461 891 505 ιι.
1081 447 1141 507 203

134 601 278 667 honores
309 602 440 668 demere
473 604 677 669 affectabant.
747 603 839 669 Dicit
869 605 964 671 etiam
995 607 1141 672 diversos

135 699 344 765 diversorum
369 721 546 787 regnorum
576 702 742 767 Barbaros
771 702 914 768 imbelles
940 711 1039 789 atque
1064 707 1141 771 belli

134 818 216 862 usus
231 799 365 884 ignaros
388 820 469 877 esse,
486 808 521 865 ct
535 800 719 865 nullatenus
740 799 820 884 ipsis
835 801 990 867 virtuosis
1005 803 1085 868 viris
1108 813 1142 870 et

134 897 285 980 pluribus
300 897 571 963 debellationibus
585 898 654 964 usis
668 898 823 965 resistere
831 919 937 984 posse,
950 901 979 965 si
987 903 1143 970 audacter

135 995 293 1061 invadere
307 1003 342 1060 et
355 995 494 1061 viriliter
503 997 673 1062 decertare
683 997 883 1062 affectarent.
930 997 1015 1083 Ipsis
1030 1002 1142 1088 itaque

135 1094 371 1159 commilitones
396 1114 472 1159 suos
495 1094 571 1159 hinc
597 1094 730 1160 atinde
754 1096 1007 1174 cohortantibus,
1032 1102 1141 1168 subito

135 1193 262 1278 impetu
284 1201 483 1258 concurrunt
504 1193 600 1270 acies,
625 1201 660 1258 et
684 1192 854 1258 commisso
875 1195 988 1279 praelio
1010 1200 1142 1266 crebros

136 1291 221 1356 ictus
232 1292 398 1356 innectere
412 1291 591 1357 elaborant.
648 1290 749 1355 Fiunt
763 1291 835 1355 ilico
857 1291 892 1354 in
906 1293 1053 1379 utrisque
1066 1319 1142 1381 par-

134 1390 224 1456 tibus
249 1398 354 1456 tantae
378 1397 516 1474 strages,
542 1389 626 1455 tanti
647 1390 856 1455 morientium
879 1393 1031 1476 gemitus,
1056 1398 1142 1462 tanti

135 1488 361 1554 invadentium
375 1488 515 1565 furores,
528 1495 669 1573 quantos
683 1488 881 1554 laboriosum
897 1498 947 1554 est
959 1491 1143 1560 describere

136 1596 170 1652 et
185 1588 374 1652 dolorosum
389 1585 512 1651 audire.
559 1585 715 1671 Undique
730 1588 851 1652 etenim
865 1589 1086 1656 vulnerabunt
1107 1601 1141 1659 et

136 1688 413 1752 vulnerabuntur:
446 1686 650 1771 perimebant
678 1694 713 1751 et
737 1686 991 1771 perimebantur.
1044 1690 1138 1757 Post-

9 1779 10 1782 '
137 1807 236 1870 quam
262 1794 373 1852 autem
396 1785 536 1849 multum
559 1784 624 1851 diei
646 1785 682 1850 in
707 1785 795 1849 hunc
816 1786 948 1851 modum
963 1788 1139 1869 duxerunt,

136 1885 236 1950 irruit
249 1886 383 1950 tandem
397 1884 543 1949 Arturus
565 1905 639 1949 cum
654 1882 783 1969 agmine
797 1905 874 1961 uno,
891 1907 957 1970 qno
979 1908 1037 1953 sex
1051 1890 1142 1956 milia

9 1979 10 1982 '
35 1978 39 1984 ’
138 1992 308 2050 sexcentos
332 1993 367 2049 et
388 1984 558 2069 sexaginta
573 2005 630 2048 sex
655 1989 820 2068 posuerat,
835 1983 870 2046 in
891 1991 1035 2050 turmam
1052 1987 1141 2053 illam

136 2084 193 2148 ubi
209 2082 411 2149 Modredum
426 2082 548 2148 sciebat
569 2103 650 2158 esse,
667 2089 701 2145 et
715 2080 802 2145 viam
815 2081 932 2165 gladiis
955 2085 1140 2169 aperiendo,

9 2229 10 2242 ,
137 2202 209 2246 eam
237 2183 431 2266 penetravit,
461 2190 561 2265 atque
589 2177 811 2244 tristissimam
845 2180 964 2244 cadem
993 2181 1139 2267 ingessit.

9 2299 10 2346 3
139 2279 290 2344 Concidit
304 2301 445 2364 namque
459 2279 607 2364 proditor
622 2278 676 2342 ille
690 2277 861 2352 nefandus,
878 2285 912 2342 et
933 2279 1142 2348 multamilia

8 2399 10 2482 ξ
138 2401 210 2444 cum
225 2401 274 2445 eo.
322 2377 394 2444 Nec
415 2388 526 2444 tamen
541 2379 583 2443 ob
605 2399 716 2442 casum
739 2376 810 2461 ejus
825 2377 1003 2463 diffugiunt
1017 2382 1142 2448 ceteri:

8 2489 10 2562 ξ
138 2479 195 2544 sed
225 2500 267 2544 cx
296 2479 384 2542 omni
410 2498 524 2561 campo
561 2476 770 2552 confluentes
802 2485 961 2560 quantum
997 2480 1141 2546 audacias

8 2581 9 2640 ξ
137 2577 288 2653 dabatur,
304 2576 459 2641 resistere
479 2582 649 2640 conantur.
696 2573 923 2639 Committitur
945 2596 1024 2662 ergo
1046 2577 1141 2643 diris-

138 2676 220 2740 sima
243 2697 356 2762 pugna
383 2674 559 2749 intereos,
586 2694 652 2757 qua
675 2692 787 2736 omnes
811 2671 881 2737 fere
903 2672 1002 2739 duces
1028 2676 1085 2759 qni
1107 2677 1141 2741 in

137 2775 294 2841 ambabus
316 2772 465 2858 partibus
487 2771 659 2845 affuerant,
676 2791 750 2833 cum
772 2770 840 2834 suis
856 2772 995 2836 catervis
1010 2793 1141 2838 corrue-

8 2905 9 2920 ,
137 2880 226 2937 runt.
266 2865 1139 2951 CommerunteteniminparteModredi,Obeldricus,

8 2975 10 3056 ζ
139 2970 275 3046 Elafius,
300 2969 488 3055 Egbrictus,
516 2965 701 3051 BunignuS,
728 2965 895 3030 Saxones:
925 2966 1138 3052 Gillapatriae,

140 3069 310 3143 Gillamor,
343 3065 491 3142 Gislafel,
529 3063 714 3139 Gillarium,
745 3062 980 3130 Hibernenses.
1050 3068 1141 3136 Scoti

138 3167 233 3231 etiam
257 3174 290 3231 et
311 3165 397 3230 Picti
412 3186 486 3229 cum
498 3163 646 3228 omnibus
661 3161 731 3225 fere
747 3160 863 3244 quibus
879 3163 1140 3234 dominabantur.

138 3264 177 3329 In
187 3272 283 3349 parte
298 3270 409 3328 autem
419 3261 538 3326 Artnni
554 3259 723 3326 Olbrictus
738 3279 798 3323 rex
808 3257 1002 3346 Norwegiae,
1014 3261 1142 3330 Aschil.

137 3364 200 3428 lius
225 3384 287 3427 rex
313 3361 437 3437 Daciae,
464 3360 573 3425 Oador
599 3359 749 3423 Limetiae
774 3355 1048 3438 cassibellaunus,
1070 3385 1144 3428 oum

137 3462 249 3527 multis
264 3461 394 3525 milibus
409 3480 544 3525 suorum
565 3465 631 3522 tam
648 3458 823 3522 Britonum
838 3480 936 3543 qnam
957 3467 1141 3526 ceterarum

137 3562 286 3648 gentium
306 3579 388 3643 quas
410 3578 520 3622 secum
542 3556 734 3621 adduxerat.
782 3557 849 3621 Sed
870 3565 904 3622 et
925 3557 1065 3643 inclytus
1087 3561 1142 3626 ille

138 3680 196 3724 rex
225 3657 372 3722 Arturus
400 3655 543 3720 letaliter
577 3655 768 3718 vulneratus
803 3662 864 3730 est,
895 3655 952 3739 qui
981 3655 1071 3722 illinc
1098 3659 1142 3724 ad

139 3755 284 3822 sananda
304 3754 441 3818 vulnera
467 3773 527 3816 sna
555 3751 589 3815 in
614 3751 755 3815 insulam
780 3750 949 3817 Avallonis
975 3755 1140 3834 advectus,

139 3861 277 3942 cognato
293 3873 353 3916 suo
370 3849 596 3926 Constantino,
611 3849 678 3914 filio
695 3849 832 3914 Oadoris
847 3849 938 3914 ducis
956 3849 1140 3930 Gornubiae,

141 3953 290 4019 diadema
319 3949 501 4013 Britanniae
529 3948 698 4024 concessit,
734 3968 819 4012 anno
848 3949 889 4013 ab
918 3949 1142 4019 incarnatione

142 4051 301 4118 dominica
316 4047 576 4133 quingentesimo
593 4046 842 4133 quadragesimo
858 4048 1010 4116 secundo.
