2848 4888
369 483 524 528 ursroanu
539 483 613 527 nse.
627 483 710 528 narr.
725 482 786 526 mu.
801 481 857 524 vn.
1074 462 1133 524 119

445 713 460 795 5
481 715 511 774 2.
532 731 573 774 ln
594 731 819 774 unumunurn.

211 890 231 901 -
430 844 548 910 OGIT
585 866 648 921 me,
687 843 877 909 Alexander
907 841 1133 907 Linooniensis

4 1013 6 1044 r
130 934 151 1031 ξ
351 946 354 947 ’
428 945 558 1028 praesul,
585 943 768 1007 nobilitatis
792 951 860 1005 ture
890 940 1020 1004 dileetio
1050 939 1134 1004 Pro-

4 1093 5 1100 ,
255 1046 287 1063 ‘¹
428 1043 555 1126 phetias
571 1040 708 1105 Merlini
723 1041 765 1106 de
780 1040 971 1104 Britannico
990 1039 1026 1103 in
1041 1038 1134 1103 Lati-

238 1184 254 1237 p
292 1182 298 1189 -
327 1182 341 1222 3,
372 1197 375 1202 .
428 1163 508 1205 num
535 1141 727 1215 transferre,
758 1147 934 1223 antequam
962 1137 1134 1202 historiam

285 1228 289 1235 “
365 1231 378 1263 3

221 1186 374 1321 xi&
427 1259 641 1324 perarassem,
680 1258 778 1321 quam
815 1238 856 1301 de
885 1237 988 1322 gestis
1017 1256 1133 1321 regum

165 1348 166 1351 ’
430 1338 667 1402 Britannorum
676 1337 879 1420 inceperam:
898 1354 1133 1419 proposueram

122 1436 210 1500 enim
232 1435 322 1498 illam
341 1436 435 1519 prius
456 1435 613 1520 perficere
633 1444 668 1498 et
682 1435 774 1498 istud
797 1454 879 1517 opus
895 1434 1133 1513 subsequenter

122 1533 303 1617 explicare:
340 1554 383 1596 ne
412 1533 491 1597 dum
518 1542 658 1617 uterque
686 1533 779 1596 labor
802 1533 983 1617 ingrueret,
1015 1551 1131 1595 sensus

4 1641 5 1644 ’
122 1652 215 1695 meus
239 1630 282 1694 ad
297 1631 426 1716 singula
450 1632 559 1694 minus
585 1631 758 1695 sufficeret.
805 1629 963 1694 Attamen
978 1629 1133 1713 quoniam

125 1751 259 1795 seourus
275 1750 366 1794 eram
380 1731 493 1807 venia,
515 1751 614 1814 quam
628 1729 782 1795 diseretio
798 1729 927 1794 subtilis
943 1729 1066 1814 ingenii
1082 1729 1133 1792 tui

125 1830 282 1894 donaret:
306 1838 472 1914 agrestem
493 1831 653 1894 calamum
667 1849 777 1892 meum
792 1828 908 1892 libellis
929 1828 1077 1912 apposui,
1099 1835 1133 1891 et

123 1927 249 2012 plebeio
278 1928 499 1992 modulamine
529 1928 679 2014 ignotum
708 1927 770 1991 tibi
793 1927 1029 2010 interpretatus
1060 1947 1133 1990 sum

124 2047 317 2090 sermonem.
365 2026 522 2091 Admiror
548 2033 658 2090 antem
678 2025 863 2100 admodum,
886 2025 975 2108 quod
995 2025 1030 2089 id
1052 2047 1133 2109 pau-

124 2126 194 2210 peri
215 2124 301 2210 stylo
325 2124 480 2209 dignatus
501 2145 536 2188 es
561 2124 774 2199 committere,
797 2145 871 2188 eum
892 2131 944 2187 tot
971 2121 1133 2188 doctiores

124 2233 157 2288 et
171 2231 223 2288 tot
241 2223 378 2287 ditiores
392 2224 486 2309 virga
504 2223 678 2306 potestatis
698 2231 766 2286 tuae
787 2231 956 2287 coereeat:
980 2222 1037 2306 qui
1058 2222 1134 2286 sub-

124 2322 261 2386 limioris
291 2321 443 2386 carminis
481 2322 718 2386 delectamento
755 2341 851 2385 aures
876 2320 1038 2385 Minerva
1067 2328 1134 2384 tum

124 2423 315 2487 mulcerent.
377 2419 422 2483 Et
436 2428 474 2484 ut
488 2439 601 2484 omnes
617 2420 824 2504 philosophos
839 2420 941 2484 totins
953 2418 1135 2483 Britanniae

126 2519 240 2583 insulse
269 2525 473 2602 preteream,
503 2525 542 2582 tu
572 2517 661 2582 solus
691 2539 737 2593 es,
769 2517 856 2601 quod
884 2538 951 2581 non
978 2518 1134 2586 erubeseo

125 2617 233 2693 fateri,
261 2617 320 2702 qui
349 2637 417 2700 prae
441 2616 559 2680 ceteris
582 2615 698 2680 audaci
723 2615 796 2701 lyra
825 2637 978 2681 caneres:
1010 2617 1074 2680 nisi
1099 2625 1134 2683 te

126 2716 253 2780 eulmen
263 2714 397 2778 honoris
409 2715 452 2778 ad
462 2714 527 2778 alia
536 2714 673 2800 negocia
684 2723 825 2778 voearet.
875 2714 1039 2793 Quoniam
1055 2735 1134 2800 ergo

127 2815 249 2898 placuit
272 2821 311 2877 ut
336 2812 507 2876 Galfridus
525 2811 790 2877 Monumetensis
813 2813 957 2878 fistulam
981 2833 1074 2877 suam
1100 2813 1134 2876 in

126 2913 185 2977 hoe
206 2912 361 2977 vaticinio
383 2919 525 2988 sonaret,
542 2912 819 2977 modulationibus
841 2913 913 2996 ejus
934 2913 1046 2978 favere
1068 2934 1134 2977 non

127 3010 300 3096 diffugias:
334 3019 369 3074 et
398 3010 426 3074 si
455 3009 536 3093 quid
556 3010 741 3076 inordinate
761 3011 830 3074 sive
850 3011 968 3076 vitiose
988 3012 1134 3093 protule-

126 3110 179 3187 rit,
202 3110 312 3174 ferula
336 3131 555 3175 oamoenarum
580 3118 714 3175 tuarum
744 3111 777 3174 in
806 3120 939 3178 rectum·
956 3110 1133 3198 :convertas

418 3493 433 3574 t
455 3494 484 3554 3.
505 3509 641 3554 uanum
661 3509 849 3554 proauum.
965 3542 968 3550 .
995 3519 1000 3554 2
1047 3479 1050 3486 ¹

170 3656 221 3713 ¹:
361 3646 375 3675 τ
427 3621 626 3687 EDENTE
657 3625 769 3708 itaque
796 3623 995 3710 Vortegirno
1023 3623 1133 3690 Brito-

164 3722 169 3741 ‘
246 3793 253 3804 ,
279 3744 394 3873 Q&
424 3743 504 3786 num
520 3743 598 3808 rege
614 3744 712 3808 super
726 3723 832 3808 ripam
848 3724 998 3788 exhausti
1015 3725 1132 3810 stagni,

345 3842 379 3902 ⁴
426 3821 551 3907 egressi
581 3829 659 3885 sunt
694 3822 759 3886 duo
794 3821 961 3899 dracones
993 3843 1133 3906 quorum

279 3895 395 4017 fxi
425 3941 510 3984 unus
522 3928 593 3984 erat
608 3920 712 3997 albuS,
726 3928 759 3984 et
770 3923 854 3985 alter
864 3921 997 3986 reubus.
1034 3921 1133 3987 Oum-

211 4068 219 4107 ,
244 3982 369 4134 ,ξι
426 4041 492 4104 que
506 4020 590 4083 alter
605 4019 701 4084 alteri
715 4019 1015 4104 appropinquasset,
1029 4021 1134 4086 diram

204 4098 348 4153 ρ’
426 4118 661 4182 commiserunt
682 4139 832 4204 pugnam,
849 4126 883 4182 et
903 4119 1012 4203 ignem
1035 4121 1135 4186 anhe-

134 4211 191 4277 litu
206 4235 269 4279 suo
288 4219 492 4300 procreabat.
539 4216 744 4283 Pravalebat
770 4226 880 4282 autem
906 4218 1010 4283 albus
1026 4215 1133 4294 draeo,
