2862 4870
285 437 323 497 16
600 453 711 496 onera.
734 451 975 496 norrunmrsrs

283 601 353 664 sine
363 599 461 683 jussu
483 598 639 682 principis
662 619 716 662 eas
741 597 859 662 debere
885 605 1105 681 prosternere.
1157 595 1288 676 Quibus

281 721 356 762 eum
372 697 533 763 Corineus
547 697 790 780 respondisset:
812 697 978 761 licentiam
992 697 1093 780 hujus
1108 696 1157 760 rei
1166 715 1288 778 nequa-

282 817 380 882 quam
410 797 529 861 debere
550 795 683 859 haberi:
717 796 816 858 irruit
841 816 927 859 unus
953 817 995 859 ex
1020 795 1096 871 illis,
1122 793 1289 858 imbertus

282 897 423 971 nomine,
438 905 472 960 et
486 917 565 959 arcu
580 903 715 959 curvato
740 894 895 979 sagittam
909 895 943 958 in
959 915 1034 958 eum
1050 893 1182 958 direxit.
1229 893 1288 956 Vi-

281 996 365 1060 tavit
380 1016 452 1060 eam
469 994 640 1070 Corineus,
664 993 896 1076 concurritque
919 1015 1017 1079 ocyus
1041 993 1076 1056 in
1093 992 1287 1069 Imbertum,

282 1103 317 1158 et
338 1116 428 1170 arcu,
457 1112 554 1177 quem
577 1095 721 1170 tenebat,
747 1101 846 1177 caput
870 1093 901 1157 ei
923 1092 958 1156 in
981 1092 1091 1156 frusta
1120 1092 1286 1157 contrivit.

282 1193 498 1278 Diffugerunt
513 1214 591 1279 ergo
607 1193 716 1257 caeteri
730 1192 785 1256 vix
802 1192 984 1256 emanibus
1009 1192 1081 1275 ejus
1102 1191 1214 1275 elapsi,
1238 1200 1288 1256 at-

281 1313 345 1377 que
361 1291 509 1356 Goffario
531 1313 643 1357 necem
664 1292 744 1356 socii
758 1292 1005 1356 nunciaverunt.
1062 1290 1287 1355 contristatus

280 1392 366 1456 illico
390 1391 457 1455 dux
478 1389 732 1466 Pietavensium,
756 1390 886 1476 collegit
910 1390 1090 1454 exercitum
1116 1389 1285 1474 grandem,

279 1498 318 1555 ut
332 1491 367 1554 in
380 1490 469 1574 ipsos
484 1499 624 1554 mortem
643 1490 754 1553 nuncii
778 1490 829 1553 sui
852 1489 1042 1554 vindicaret.
1088 1488 1136 1553 At
1159 1488 1287 1556 Brutus

281 1589 448 1675 divulgato
464 1589 535 1673 ejus
550 1590 693 1654 adventu
719 1609 819 1653 naves
844 1588 970 1653 munit:
994 1585 1147 1653 mulieres
1164 1596 1197 1652 et
1211 1609 1286 1673 par-

280 1690 373 1753 vulos
388 1690 423 1752 in
437 1689 516 1773 ipsis
527 1689 624 1772 jubet
637 1709 789 1752 manere:
811 1689 882 1772 ipse
897 1695 1018 1763 autem,
1035 1709 1109 1752 cum
1120 1696 1192 1752 tota
1202 1687 1286 1751 mul-

279 1787 421 1852 titudine
432 1787 571 1851 cuivires
582 1787 752 1863 florebant,
766 1786 880 1851 obvius
891 1787 1050 1851 exercitui
1061 1787 1284 1872 progreditur.

279 1885 367 1950 Inito
381 1885 513 1951 tandem
529 1885 716 1962 certamine,
733 1885 805 1950 dira
818 1907 929 1972 pugna
947 1886 1124 1969 utrobique
1138 1886 1286 1950 commit-

278 1985 386 2050 titur:
420 1993 455 2049 et
491 2005 565 2048 cum
593 1985 734 2048 multum
760 1984 825 2048 diei
846 1984 881 2047 in
902 1985 1030 2070 agendo
1060 1984 1180 2049 eaedem
1210 2005 1286 2048 eon-

278 2082 504 2166 sumpsissent,
517 2082 635 2166 puduit
652 2082 830 2146 Corineum
839 2081 1023 2165 Aquitanos
1045 2091 1114 2146 tam
1130 2083 1286 2147 audacter

278 2182 451 2246 resistere:
467 2202 527 2245 nec
541 2180 702 2265 Trojanos
713 2203 785 2244 eum
796 2181 964 2264 triumpho
976 2181 1139 2246 insistere.
1186 2179 1286 2246 Unde

277 2288 446 2363 resumpta
460 2279 597 2343 audacia
617 2279 781 2344 sevocavit
805 2299 881 2342 suos
905 2279 940 2342 in
966 2278 1135 2343 dexteram
1158 2288 1287 2364 partem

277 2379 401 2462 praelii:
440 2386 474 2443 et
503 2378 591 2442 facto
617 2378 746 2465 agmine
772 2379 908 2441 celerem
932 2378 1091 2462 impetum
1114 2380 1148 2442 in
1171 2380 1284 2444 hostes

277 2477 356 2542 fecit
376 2502 383 2542 :
407 2485 441 2542 et
467 2485 506 2541 ut
525 2477 613 2542 intra
637 2477 817 2542 eorundem
840 2484 966 2540 turmas
993 2497 1065 2541 sese
1091 2477 1192 2541 densa
1215 2478 1285 2542 acie

276 2576 464 2652 intromisit,
481 2597 547 2639 non
562 2576 701 2640 cessavit
714 2576 826 2639 hostes
840 2583 1060 2658 prosternere,
1074 2575 1175 2641 donec
1185 2597 1284 2660 pene-

275 2682 365 2738 trata
390 2675 524 2740 cohorte
549 2683 683 2738 cunctos
712 2674 747 2736 in
771 2673 885 2758 fugam
910 2672 1026 2758 coegit.
1074 2672 1222 2738 Fortuna
1241 2675 1283 2749 ei,

276 2775 395 2838 amisso
424 2773 544 2858 gladio,
574 2773 747 2857 bipennem
781 2771 1078 2848 administraverat,
1110 2794 1184 2836 cum
1219 2791 1285 2856 qua

277 2889 503 2954 quemcunque
514 2871 698 2956 attingebat
711 2890 867 2933 asummo
887 2889 992 2953 usque
1007 2870 1050 2933 ad
1064 2871 1166 2934 imum
1181 2871 1284 2934 disse-

276 2972 381 3035 cabat.
427 2968 576 3033 Miratur
602 2968 739 3045 Brutus,
764 2969 928 3033 mirantur
954 2969 1043 3046 socii,
1066 2970 1229 3034 mirantur
1249 2979 1284 3035 et

275 3071 387 3134 hostes
401 3068 465 3133 viri
487 3067 657 3132 audaciam
677 3077 711 3132 et
729 3068 898 3144 virtutem,
915 3069 972 3151 qui
997 3069 1170 3152 bipennem
1196 3069 1284 3133 inter

174 3243 182 3250 .
275 3168 440 3254 fugientes
455 3167 605 3230 cohortes
619 3167 753 3242 librans,
775 3167 926 3230 timorem
940 3188 1007 3231 non
1021 3162 1192 3231 minimum
1207 3191 1282 3232 cum

274 3267 325 3330 his
341 3265 449 3330 verbis
464 3265 645 3331 inferebat:
692 3264 800 3345 “Quo
816 3265 931 3350 fugitis
954 3266 1083 3330 timidii
1116 3286 1180 3350 quo
1195 3268 1283 3353 fugi-
1345 3341 1349 3348 ¹

273 3365 318 3429 tis
334 3363 472 3450 segnesl
495 3363 708 3440 revertimini,
734 3363 753 3427 ὃ
778 3363 992 3441 revertimini,
1013 3372 1047 3429 et
1070 3387 1282 3451 congressum

274 3484 348 3528 cum
365 3463 506 3528 Corineo
517 3461 631 3526 facite:
654 3463 738 3545 proh
761 3462 878 3545 pudor,
902 3471 953 3528 tot
977 3464 1079 3528 millia
1096 3487 1149 3529 me
1176 3466 1282 3529 solum

273 3560 413 3648 fugitis?
458 3561 637 3626 Attamen
661 3561 780 3625 habete
806 3563 959 3625 solatium
984 3563 1081 3648 fugae,
1108 3564 1196 3647 quod
1219 3587 1281 3650 ego

271 3683 329 3726 vos
349 3661 513 3744 insequar,
535 3660 591 3742 qui
616 3659 715 3723 toties
742 3660 829 3724 soleo
858 3659 1046 3746 Tyrrhenos
1070 3663 1221 3749 gigantes
1245 3665 1280 3728 in

271 3762 385 3846 fugam
399 3761 600 3845 propellere:
623 3767 657 3824 et
671 3768 785 3825 ternos
800 3769 899 3844 atque
914 3769 1092 3844 quaternos
1101 3763 1144 3827 ad
1154 3772 1281 3828 tartara

274 3861 486 3925 detrudere.”
