2848 4888
282 453 342 514 160
585 473 696 516 amun.
718 471 959 516 uouuuurxusrs

280 615 402 700 praelio,
419 624 563 702 stragem
578 615 772 682 Britonibus
786 614 923 692 faciunt,
937 636 1009 680 sese
1019 614 1161 680 viriliter
1177 613 1292 680 defen-

281 713 405 780 dentes.
461 715 512 779 Ibi
536 715 657 780 etenim
682 716 837 780 arborum
857 713 989 791 auxilio,
1016 715 1083 778 tela
1110 713 1293 778 Britonum

280 813 437 878 vitabant.
486 813 586 894 Quod
600 812 747 878 Arturus
774 814 916 889 intuens,
936 813 1038 896 jussit
1052 813 1189 877 arbores
1205 812 1295 877 circa

279 912 368 976 illam
382 921 509 996 partem
524 914 667 977 nemoris
689 913 797 989 incidi,
814 920 848 978 et
869 921 1004 976 truncos
1026 913 1073 976 ita
1094 913 1130 976 in
1145 912 1291 976 circuitu

279 1011 389 1086 locari,
405 1019 444 1074 ut
458 1033 610 1097 egressus
630 1012 678 1075 eis
701 1013 930 1096 abnegaretur.
977 1009 1119 1077 Volebat
1144 1031 1291 1094 namque

279 1109 352 1173 illos
368 1110 510 1175 inclusos
525 1119 593 1175 tam
609 1111 665 1174 diu
692 1110 853 1184 obsidere,
870 1109 972 1173 donec
998 1109 1085 1172 fame
1098 1108 1287 1174 interirent.

280 1207 357 1285 Quo
383 1209 480 1285 facto,
512 1209 614 1290 jussit
644 1217 770 1272 turmas
801 1208 923 1272 ambire
949 1228 1075 1283 nemus,
1100 1208 1288 1292 mansitque

279 1307 387 1384 tribus
402 1309 516 1373 diebus
531 1309 659 1373 ibidem.
707 1307 792 1371 Cum
806 1307 908 1392 igitur
924 1306 1071 1370 Saxones
1087 1327 1154 1390 quo
1177 1327 1287 1371 vesce-

278 1415 394 1470 rentur
409 1406 602 1490 indigerent,
615 1428 656 1470 ne
673 1406 781 1470 subita
796 1404 882 1469 fame
896 1404 1052 1488 perirent,
1063 1404 1233 1487 petierunt
1248 1425 1286 1468 eo

279 1513 374 1588 pacto
390 1526 569 1590 egressum,
586 1513 625 1568 ut
639 1504 753 1568 relicto
768 1504 856 1567 omni
875 1524 957 1567 auro
979 1509 1013 1566 et
1036 1513 1187 1587 argento,
1212 1524 1288 1566 cum

280 1605 355 1668 solis
371 1605 508 1669 navibus
524 1604 556 1666 in
574 1602 784 1668 Germaniam
793 1602 901 1666 redire
913 1601 1108 1666 sinerentur.
1157 1599 1288 1664 Promi-

1412 939 1421 1031 l

279 1709 393 1765 serunt
413 1723 543 1786 quoque
569 1723 604 1765 se
629 1701 763 1764 daturos
787 1699 817 1764 ei
840 1701 1003 1764 tributum
1025 1721 1065 1763 ex
1093 1698 1285 1775 Germania,

278 1798 473 1883 obsidesque
505 1800 581 1864 inde
610 1819 792 1863 mansuros.
845 1797 938 1862 'l'unc
968 1796 1114 1862 Arturus
1146 1799 1287 1882 quaesito

278 1897 423 1973 consilio,
440 1919 552 1962 eorum
574 1892 726 1981 petitioni
747 1897 919 1980 acquievit.
967 1895 1120 1960 Retinuit
1142 1919 1287 1981 namque

278 1997 423 2080 ipsorum
439 2017 527 2081 opeS,
543 1996 766 2079 reddendique
778 1995 944 2079 vectigalis
960 1994 1099 2070 obsides,
1114 1996 1288 2079 solumque

278 2097 463 2160 abscessum
491 2095 631 2180 largitus
661 2103 720 2158 est.
791 2093 941 2177 Cumque
970 2093 1017 2156 illi
1046 2093 1080 2160 in
1114 2094 1287 2159 redeundo

277 2195 410 2258 domum
443 2214 576 2278 aequora
605 2193 778 2267 sulcarent,
808 2192 915 2277 piguit
943 2200 1083 2276 peractae
1112 2193 1285 2278 pactionis,

277 2293 478 2375 retortisque
496 2291 576 2356 velis
599 2291 633 2354 in
654 2289 860 2354 Britanniam
880 2292 1058 2367 redierunt,
1084 2300 1118 2356 et
1141 2290 1286 2356 'l'otone-

278 2392 363 2456 sium
377 2391 469 2454 littus
492 2390 675 2454 adiverunt.
722 2387 821 2454 Nacti
837 2389 954 2454 deinde
977 2390 1116 2475 patriam
1131 2391 1286 2455 tellurem

277 2512 382 2575 usque
397 2490 440 2553 ad
453 2489 628 2554 Sabrinum
639 2510 730 2552 mare
740 2489 989 2574 depopulantur,
1000 2487 1132 2554 colonos
1143 2490 1286 2557 letiferis

276 2588 467 2654 vulneribus
496 2588 682 2652 afficientes.
745 2587 826 2651 Inde
856 2596 987 2672 arrepto
1021 2587 1138 2653 itinere
1167 2611 1285 2656 versus

276 2708 398 2772 pagum
428 2685 583 2761 Badonis‚
614 2687 729 2749 urbem
760 2685 919 2750 obsident.
973 2684 1077 2770 quue
1107 2707 1183 2749 cum
1213 2690 1285 2776 regi

276 2785 467 2848 nunciatum
476 2782 742 2858 esset,admirans
752 2784 841 2847 ultra
849 2783 979 2847 modum
987 2783 1134 2868 ipsorum
1143 2785 1282 2864 facinus,

271 2883 371 2966 jassit
395 2883 467 2947 fieri
489 2881 650 2965 judicium
676 2881 716 2944 de
739 2881 870 2945 illorum
890 2882 1057 2946 obsidibus
1076 2883 1168 2948 brevi
1192 2905 1284 2948 mora

277 2980 523 3065 suspendendis.
577 2978 806 3044 Praetermissa
828 2980 925 3044 etiam
948 2980 1195 3064 inquietatione,
1219 3006 1285 3067 qua

278 3078 393 3143 Scotos
429 3087 462 3142 et
496 3077 607 3142 Pictos
643 3079 828 3161 opprimere
863 3079 1049 3162 incoeperat,
1081 3081 1283 3148 obsidionem

277 3177 465 3261 dispergere
494 3176 672 3240 festinavit.
743 3175 902 3239 Maximis
932 3198 1010 3241 vero
1040 3179 1202 3263 angustiis
1233 3188 1284 3244 est

276 3276 450 3350 cruciatus,
481 3275 635 3359 quoniam
671 3273 816 3338 Hoelum
850 3283 1001 3359 nepotem
1036 3297 1132 3340 suum
1166 3281 1282 3344 morbo

276 3384 450 3462 gravatum
472 3375 507 3436 in
534 3373 699 3437 civitatem
722 3372 843 3438 Alclud
869 3375 1049 3440 deserebat.
1107 3375 1282 3442 Postremo

279 3474 560 3538 Sumersetensem
584 3471 783 3554 provinciam
809 3472 987 3558 ingressus,
1025 3474 1095 3538 visa
1132 3475 1280 3542 cominus

276 3572 454 3645 obsidione,
470 3571 504 3632 in
518 3569 587 3632 haec
599 3569 699 3633 verba
713 3570 841 3634 locutus
854 3579 924 3635 est:
950 3570 1147 3651 “Quoniam
1158 3573 1281 3659 impiis·

276 3673 350 3737 simi
361 3679 460 3754 atquc
475 3667 572 3732 invisi
587 3669 726 3733 nominis
744 3668 890 3734 Saxones
905 3671 1003 3735 iidem
1017 3672 1097 3735 mihi
1113 3673 1281 3758 dedignati

276 3779 353 3837 sunt
363 3789 507 3835 servare:
524 3788 584 3852 ego
593 3766 691 3830 fidem
703 3767 778 3833 Deo
792 3791 865 3833 meo
871 3791 1076 3848 conservans
1088 3774 1280 3858 sanguinem

275 3868 455 3934 concivium
478 3887 625 3930 meorum
652 3866 685 3928 in
710 3867 798 3950 ipsos
821 3868 918 3933 hodie
939 3869 1104 3935 vindicare
1126 3874 1278 3937 conabor.

224 3997 227 4003 ·
276 3968 414 4033 Armate
437 3987 495 4029 vos
519 3965 591 4040 viri,
617 3974 753 4041 armate,
778 3975 811 4031 et
835 3968 1019 4052 proditores
1043 3970 1124 4034 istos
1140 3971 1279 4037 viriliter

275 4066 428 4138 invadite,
452 4085 533 4146 quos
559 4064 772 4146 proculdubio
797 4066 975 4134 auxiliante
1007 4067 1140 4134 Christo
1162 4071 1282 4143 trium,

275 4163 480 4250 phabimus.''
536 4180 538 4190 ·
