2848 4888
364 485 519 528 n1sroans
533 485 606 527 aaa.
621 484 703 528 narr.
718 483 780 526 ms.
791 483 859 527 vm.
1065 469 1124 527 153

1 645 2 671 ¹
105 637 150 692 ut
165 628 273 705 videa
294 629 387 694 vivo:
411 630 503 693 doleo
525 636 635 693 tamen
650 628 761 713 oppidi
775 628 839 691 mei
859 628 1124 706 destructionem,

1 719 2 742 ³
110 728 348 812 sociorumque
372 749 521 791 meorum
547 727 683 791 caedem:
714 726 803 790 unde
827 726 921 790 nobis
945 727 1127 791 timendum

1 841 2 906 l
111 835 177 902 est,
195 849 240 890 ne
258 827 466 911 superveniat
489 847 567 891 rex:
591 834 625 890 et
650 847 710 889 nos
735 826 770 888 in
792 825 910 910 oppido
935 825 999 890 isto
1025 826 1126 891 inter·

112 925 229 1008 cipiat.
278 924 338 989 Ibo
367 947 446 1011 ergo
472 926 563 1008 prius
591 924 623 988 ei
646 925 784 1000 obviam,
811 932 845 988 et
870 945 923 988 me
952 947 1026 989 cum
1054 926 1125 1010 ipso

110 1021 308 1108 pacificabo,
345 1046 387 1089 ne
422 1024 516 1088 nobis
554 1023 698 1088 deterius
735 1023 911 1108 contingat.
962 1023 1127 1109 Egressus

1 1147 2 1187 r
112 1123 230 1207 itaque
245 1123 362 1206 petivit
382 1122 563 1187 exercitum
579 1143 682 1197 suum,
704 1131 738 1187 et
753 1129 853 1186 exuta
873 1123 978 1207 specie
995 1123 1127 1188 Gorlois

1 1255 2 1280 2
112 1223 150 1286 in
172 1222 476 1307 Utherpendragon
499 1221 606 1285 rediit.
654 1221 803 1306 Cumque
826 1242 952 1286 omnem
977 1231 1127 1287 eventurn

114 1322 300 1396 didicisset,
322 1321 363 1384 ob
379 1320 499 1384 cadem
516 1319 647 1382 Gorlois
663 1319 786 1384 doluit:
809 1319 868 1384 sed
882 1321 924 1384 ob
940 1319 1093 1404 Igernam
1108 1341 1129 1384 a

112 1421 264 1485 maritali
284 1419 399 1504 copula
420 1419 559 1482 solutam
582 1419 714 1502 gavisus
730 1426 790 1483 est.
837 1418 1002 1484 Reversus
1017 1419 1128 1502 itaque

1 1534 2 1542 ’
114 1521 161 1586 ad
178 1519 335 1604 oppidum
357 1516 520 1602 Tintagol,
546 1517 632 1600 cepit
651 1517 742 1581 illud.
791 1517 951 1602 Gepitque
975 1518 1129 1604 Igernam

116 1629 152 1685 et
167 1627 248 1683 voto
265 1638 324 1681 suo
338 1616 461 1700 potitus
476 1623 536 1679 est.
584 1614 856 1680 Commanserunt
874 1616 991 1680 deinde
1004 1616 1129 1701 pariter

1 1751 2 1812 3
114 1741 186 1783 non
232 1717 365 1780 minimo
400 1734 511 1777 amore
543 1714 655 1799 ligati:
693 1725 1004 1800 progenueruntque
1025 1715 1128 1779 filium

1 1825 2 1828 ’
116 1825 152 1882 et
167 1816 280 1880 filiam,
327 1813 405 1877 Fuit
423 1820 533 1877 autem
553 1812 612 1877 filii
626 1834 745 1878 nomen
765 1812 922 1891 Arturus,
948 1815 1024 1879 filiae
1038 1838 1127 1894 vero,

118 1913 230 1978 Anna.

287 2196 302 2277 ξ
324 2197 372 2256 21..
395 2213 474 2257 ocra
494 2214 533 2256 nr
553 2214 633 2257 noss
653 2215 777 2258 narrum
798 2215 972 2258 arnovius.

131 2396 152 2430 a
300 2360 363 2408 4
430 2326 684 2407 UMQUEdies
696 2335 729 2392 et
739 2335 888 2412 tempora
898 2329 1130 2414 praeterissent,

126 2436 145 2463 a
211 2434 227 2467 a

160 2506 165 2507 γ
208 2491 210 2493 ,
243 2487 247 2497 ,
304 2510 305 2513 ¹
429 2427 599 2510 occupavit
623 2426 795 2492 infirmitas
826 2449 958 2512 regem:
992 2450 1132 2513 eumque

165 2520 169 2521 ⁷
216 2541 223 2561 ··
349 2508 359 2532 ³
429 2527 541 2589 multis
563 2526 678 2590 diebus
703 2527 843 2592 vexavit.
891 2526 1028 2592 Interim
1053 2551 1132 2594 vero

161 2706 176 2709 γ’
288 2640 332 2691 ‘aa
359 2644 363 2695 j
429 2625 581 2689 custodes
607 2626 755 2700 carceris,
775 2626 809 2688 in
831 2648 896 2710 quo
922 2625 1007 2692 Octa
1033 2636 1132 2712 atque

134 2718 139 2756 ³
177 2792 205 2816 Ξ
334 2712 370 2741 ³
430 2725 520 2789 Eosa
536 2726 631 2809 (quos
648 2727 950 2809 supramemoravi)
965 2727 1133 2792 taediosam

429 2825 531 2889 vitam
547 2825 718 2901 ducebant,
737 2826 935 2911 diffugerant
949 2848 1021 2890 cum
1036 2827 1083 2891 eis
1098 2827 1133 2890 in

123 2924 348 2999 Germaniam,
393 2931 620 3007 terroremque
664 2945 722 3008 per
759 2945 898 3011 regnum
940 2926 1130 2991 intulerant.

1 3073 2 3076 ,
121 3023 306 3088 Asserebat
348 3043 490 3106 namque
530 3043 653 3097 rumor,
691 3023 778 3106 ipsos
814 3024 884 3107 jam
921 3027 1133 3092 commovisse

1 3113 2 3164 3
123 3121 350 3196 Germaniam,
363 3121 563 3205 classemque
576 3121 751 3188 maximam
766 3123 931 3207 paravisse
946 3125 980 3187 in
996 3127 1133 3190 exitium

1 3205 2 3240 ³
122 3221 241 3286 insula
271 3218 456 3283 redituros:
494 3219 583 3303 quod
613 3227 647 3284 et
680 3219 804 3285 factum
833 3230 893 3287 est.
950 3223 1134 3288 Redierunt

6 3325 9 3332 '
123 3318 214 3384 enim
230 3339 301 3382 cum
323 3319 466 3382 maxima
480 3319 583 3382 classe
599 3319 760 3403 sociisque
774 3321 1076 3398 innumerabilibus
1100 3330 1134 3386 et

1 3409 2 3494 J
123 3425 238 3501 partes
259 3417 406 3482 Albaniae
430 3418 579 3502 ingressi,
607 3417 754 3482 civitates
780 3426 878 3503 atque
898 3420 984 3483 cives
999 3420 1075 3505 igne
1097 3441 1135 3484 ac

1 3509 2 3520 ¹
124 3515 213 3580 caede
228 3516 418 3581 affecerunt.
455 3516 680 3580 committitur
695 3517 807 3601 itaque
822 3518 985 3582 exercitus
1001 3517 1134 3582 Britan-

124 3614 189 3678 niae
219 3613 287 3678 Lot
317 3615 358 3679 de
388 3615 607 3690 Londonesia‚
637 3623 675 3678 ut
700 3615 811 3679 hostes
836 3615 966 3702 longius
995 3627 1133 3683 arceret.

127 3712 214 3777 Erat
243 3722 355 3778 autem
384 3715 499 3778 consul
528 3713 582 3777 ille
612 3713 701 3789 Leir,
740 3735 840 3798 eques
877 3716 1134 3793 strenuissimus,

129 3812 293 3898 sapientia
322 3821 355 3876 et
391 3820 489 3876 aetate
508 3820 668 3876 maturus.
723 3810 894 3877 Probitate
924 3835 1003 3900 ergo
1032 3815 1136 3898 ipsius

128 3913 338 3986 acclamante,
356 3909 492 3974 dederat
504 3910 534 3974 ei
545 3931 605 3973 rex
614 3909 745 3974 Annam
753 3911 851 3974 filiam
863 3933 965 3988 suam,
977 3914 1136 3999 regnique

130 4010 181 4075 sui
209 4030 333 4086 curam,
359 4009 437 4072 dum
463 4009 645 4072 infirmitati
671 4009 864 4093 subjaceret.
912 4011 978 4075 Hic
1003 4034 1078 4077 cum
1103 4011 1137 4078 in

130 4111 240 4174 hostes
256 4129 450 4196 progressus
466 4115 563 4184 esset,
596 4109 763 4173 multoties
789 4110 940 4195 repulsus
957 4119 1007 4176 est
1021 4113 1063 4177 ab
1080 4112 1137 4190 eis,

133 4207 179 4272 ita
203 4216 241 4273 ut
272 4229 343 4272 sese
372 4209 460 4272 intra
486 4207 635 4272 civitates
664 4207 843 4292 reciperet:
882 4209 999 4293 sapius
1029 4219 1138 4276 autem
