2848 4888
410 494 565 537 merorum
581 494 653 536 ano.
668 492 750 534 narr.
766 492 828 535 ma.
843 493 874 535 11.
1093 477 1150 536 181

140 658 242 702 cursu
259 646 293 704 et
315 659 390 702 oum
405 639 525 725 gaudio
547 639 651 704 altum
666 644 802 713 secaret,
828 635 922 722 quasi
936 636 1045 702 media
1069 637 1152 702 hora

138 739 247 801 noctis
277 738 431 815 instante,
461 739 675 824 gravissimus
705 757 839 801 somnus
865 757 941 800 eum
966 736 1148 822 intercepit.

142 833 280 919 Sopitus
303 836 424 901 etenim
448 859 508 922 per
523 858 679 902 vsomnum
705 835 789 900 vidit
802 855 917 900 ursum
933 836 1096 919 quendam
1116 837 1151 900 in

139 953 216 996 aere
231 935 406 1011 volantem,
422 937 515 1020 cujus
530 956 699 1000 murmure
713 943 785 1000 tota
792 934 907 1000 littora
920 922 1149 1002 intremebant.

142 1029 341 1098 Terribilem
367 1055 499 1118 quoque
524 1035 698 1100 draconem
726 1034 767 1098 ab
792 1033 957 1098 occidente
986 1034 1149 1110 advolare,

139 1131 193 1214 qui
221 1131 396 1215 splendore
422 1133 590 1197 oculorum
613 1153 748 1197 suorum
770 1133 911 1217 patriam
934 1133 1148 1198 illuminabat.

139 1227 296 1293 Alterum
310 1253 389 1295 vero
409 1232 504 1296 elteri
525 1239 749 1296 occurrentem
768 1231 882 1295 miram
902 1251 1046 1316 pugnam
1064 1251 1150 1294 com-

137 1328 283 1393 mittere.
332 1328 399 1394 Sed
421 1331 596 1414 praefatum
620 1330 805 1406 draconem,
830 1329 865 1393 in
891 1350 1006 1393 ursum
1031 1329 1149 1413 sapius

137 1425 333 1504 irruentem,
358 1429 461 1515 ignito
481 1429 627 1494 anhelitu
649 1428 851 1504 comburere,
879 1427 1150 1512 combustumque

138 1525 173 1587 in
198 1535 326 1590 terram
349 1535 568 1611 prosternere.
616 1527 876 1613 Expergefactus
899 1547 978 1612 ergo
1003 1525 1148 1590 Arturus

139 1623 349 1690 adstantibus
365 1627 454 1711 quod
470 1626 688 1692 somniaverat
703 1618 867 1700 indicavit,
884 1625 941 1710 qui
951 1633 1149 1708 exponentes

140 1723 303 1801 dicebant,
343 1725 516 1790 draconem
554 1725 736 1811 significare
764 1725 892 1808 ipsum:
929 1745 1042 1789 ursum
1070 1747 1149 1790 vero

138 1822 281 1906 aliquem
289 1823 465 1909 gigantem,
478 1825 535 1909 qui
547 1846 620 1888 cum
631 1824 702 1909 ipso
713 1823 983 1909 congrederetur:
1006 1845 1150 1909 pugnem

139 1930 252 1984 autem
273 1943 387 1986 eorum
402 1924 597 2007 portendere
613 1924 734 1988 bellum
750 1922 839 2007 quod
853 1923 940 1986 inter
954 1923 1042 2006 ipsos
1059 1923 1150 1987 futu-

138 2041 212 2083 rum
238 2029 332 2086 erat:
355 2023 526 2088 victoriam
552 2031 662 2087 autem
690 2021 850 2096 draconis
877 2022 966 2085 illem
993 2043 1064 2105 quae
1085 2023 1149 2107 ipsi

138 2120 337 2202 proveniret.
383 2119 431 2184 At
451 2119 597 2185 Arturus
618 2121 708 2185 aliud
723 2121 937 2204 conjectabat,
959 2121 1148 2184 existimans

139 2218 180 2281 ob
203 2239 240 2281 se
256 2226 290 2282 et
304 2219 544 2302 imperatorem,
560 2220 660 2283 telem
670 2220 829 2284 visionem
845 2219 1029 2304 contigisse.
1076 2218 1149 2282 Ru-

138 2315 236 2380 bente
260 2317 394 2380 tandem
420 2325 495 2401 post
521 2339 653 2382 cursum
679 2319 784 2382 noctis
809 2339 940 2395 aurora,
965 2318 1000 2381 in
1015 2325 1148 2400 portum

139 2413 256 2478 Barbae
271 2415 362 2480 fluvii
373 2416 609 2500 applicuerunt.
657 2415 742 2481 Mox
756 2417 901 2481 tentoria
917 2437 977 2481 sua
998 2416 1146 2501 figentes,

139 2521 395 2597 expectavemmt
409 2514 530 2578 ibidem
544 2514 710 2579 insulanos
733 2537 839 2601 reges,
855 2538 928 2580 cum
944 2514 1148 2599 provinciali-

138 2612 199 2676 bus
208 2613 451 2697 provinciarum
467 2614 603 2677 ducibus
622 2614 780 2679 venturis.

378 2885 393 2966 q
413 2887 443 2947 3.
464 2904 604 2948 1111111111
625 2903 785 2947 (1111111111
807 2903 917 2947 onmr.

438 3118 529 3180 mirae
548 3117 782 3203 magnitudinis
803 3117 970 3202 gigantem
989 3138 1028 3179 ex
1044 3118 1145 3201 parti-

155 3028 412 3191 ἐξῇ-τῶ
442 3017 642 3082 NTEREA
654 3018 829 3082 nunciatur
839 3016 974 3092 Arturo‚
986 3019 1148 3101 quendam

252 3092 308 3102 ..-
393 3102 395 3109 χ

258 3117 296 3126 -

259 3131 295 3151 Σ
366 3138 373 3151 >t
397 3140 399 3143 ·

243 3116 256 3287 ι
324 3226 326 3229 Ι
360 3238 364 3245 ¹
384 3232 387 3241 i

218 3248 239 3263 .e

211 3306 220 3313 ,⁴
394 3302 396 3315 ι

344 3248 387 3269 w
439 3216 502 3280 bus
518 3215 756 3301 Hispaniarum
776 3215 957 3289 advenisse,
984 3223 1018 3278 et
1045 3214 1146 3280 Hele-

196 3308 232 3399 Ὺ
302 3247 411 3473 pss(
439 3337 515 3379 nam
544 3323 675 3399 neptem
702 3315 794 3378 ducis
825 3313 925 3378 Hoeli
955 3314 1145 3378 custodibus

214 3408 215 3411 ¹
231 3418 246 3461 ¹¹«
277 3422 313 3479 ’ἣ
343 3402 405 3453 ⁸¹³⁸
440 3413 587 3497 ejusdem
603 3414 772 3497 eripuisse,
789 3420 822 3476 ot
838 3413 872 3474 in
887 3433 1039 3476 cacumen
1054 3434 1146 3476 mon-

146 3510 182 3539 *
214 3506 240 3543 ‘⁴'
293 3510 321 3543 ³
346 3510 411 3541 '⁴⁴'
438 3513 493 3588 tie,
519 3514 576 3597 qui
602 3535 689 3576 nuno
719 3511 894 3576 Michaelis
921 3510 1046 3586 dicitur,
1072 3533 1146 3574 cum

136 3614 192 3679 illa
216 3615 404 3700 diffugisse:
437 3613 558 3677 milites
579 3634 658 3678 vero
688 3613 804 3696 patriae
832 3612 1034 3694 insequutoS,
1065 3610 1145 3673 nihil

136 3714 295 3777 adversus
310 3735 386 3778 eum
397 3713 573 3798 profecisse
587 3736 594 3776 :
609 3733 685 3775 nam
697 3712 765 3775 sive
776 3711 860 3773 mari
875 3711 943 3773 sive
955 3718 1044 3773 terra
1053 3711 1145 3772 illum

135 3813 344 3888 invadebant,
361 3820 419 3876 aut
435 3833 548 3875 eorum
562 3831 661 3875 naves
672 3809 859 3894 ingentibus
873 3809 959 3872 sexis
975 3809 1144 3884 obruebat,

136 3919 193 3975 aut
225 3911 430 3975 diversorum
466 3931 624 3994 generum
653 3909 727 3972 telis
757 3908 985 3974 interimebat:
1025 3908 1083 3973 sed
1112 3917 1146 3972 et

135 4011 246 4094 plures
262 4009 409 4094 capiebat
425 4029 507 4092 quos
523 4007 694 4072 semivivos
711 4007 897 4071 devorabat.
945 4005 1052 4072 Nocte
1067 4029 1146 4093 ergo

137 4109 285 4194 sequenti
300 4109 335 4170 in
356 4107 498 4172 secunda
516 4107 607 4181 hora,
636 4114 804 4189 assumpto
836 4105 916 4170 Caio
942 4107 1090 4192 dapifero
1112 4114 1146 4170 et

138 4207 291 4273 Beduero
307 4208 472 4292 pincerna,
490 4207 573 4270 clam
589 4205 706 4270 ceteris
721 4205 865 4269 tentoria
881 4227 1043 4291 egressus,
1060 4207 1145 4271 viam
