2848 4888
283 455 345 520 186
601 475 712 532 slusa.
733 473 974 518 uorunnrrrsm

285 619 346 685 diis
360 617 586 703 percutiebant
601 639 678 682 eos:
702 619 761 684 sed
775 640 835 683 uec
848 619 991 682 retinere
1005 639 1064 682 nec
1078 626 1288 702 prosternere

282 719 444 784 valebant.
491 716 583 780 Dum
597 725 707 782 autem
722 740 824 802 prope
839 717 1002 802 quandam
1024 717 1139 780 silvam
1156 718 1209 798 (ut
1224 718 1288 781 dic-

282 825 354 882 tum
376 818 441 901 est)
471 817 740 901 insequerentur:
769 816 940 881 confestim
964 816 1222 900 congrediuntur
1248 838 1289 880 ex

281 915 337 979 illa
364 915 495 980 circiter
519 937 577 980 sex
606 917 696 980 milia
720 916 907 990 Britonum,
931 915 987 998 qui
1009 914 1090 999 luga
1115 917 1288 978 consulum

282 1021 457 1098 comperta,
485 1015 573 1079 iutra
588 1035 659 1080 eam
682 1015 890 1090 delituerant,
902 1020 941 1075 ut
965 1013 1013 1076 eis
1038 1013 1197 1076 amilium
1213 1015 1289 1078 sub-

281 1121 459 1179 verterent.
498 1113 633 1200 Egressi
647 1123 758 1178 antem
774 1115 925 1178 suffixere
936 1113 1073 1176 calcaria
1089 1113 1184 1194 equis
1201 1113 1288 1177 suis:

282 1219 316 1276 et
330 1233 408 1276 aera
422 1213 562 1277 clamore
581 1213 789 1296 complentes,
802 1221 837 1276 et
851 1214 979 1298 clypeos
998 1211 1187 1296 pectoribus
1208 1231 1289 1293 prae·

277 1313 460 1387 tendentes,
477 1311 644 1376 Romanos
659 1334 700 1376 ex
713 1312 891 1396 improviso
905 1311 1084 1375 invadunt:
1108 1317 1142 1373 et
1158 1309 1288 1373 conses-

280 1411 339 1475 tim
364 1412 398 1475 iu
421 1411 533 1495 fugam
555 1410 751 1493 propellunt.
814 1409 881 1474 Sed
909 1418 948 1474 ut
977 1409 1174 1472 unanimiter
1201 1408 1288 1472 inse-

282 1517 430 1594 quentes,
453 1509 612 1592 quosdam
638 1529 752 1572 eorum
782 1509 822 1573 ab
852 1510 944 1592 equis
968 1509 1035 1572 suis
1065 1529 1139 1570 cum
1165 1507 1288 1570 lanceis

282 1608 477 1693 sejungimt:
501 1607 660 1690 quosdam
674 1615 785 1671 autem
796 1607 960 1671 retinent:
983 1604 1139 1688 quosdam
1161 1604 1288 1668 interfi-

234 1749 237 1752 -
281 1707 382 1771 ciunt.
430 1705 530 1784 Quod
555 1727 628 1769 cum
653 1705 787 1770 Petreio
813 1704 956 1770 senatori
976 1704 1166 1768 nunciatum
1188 1711 1287 1778 esset,

281 1803 392 1868 decem
420 1803 551 1867 milibus
577 1805 760 1880 comitatus,
784 1803 956 1868 subvenire
982 1802 1076 1866 sociis
1101 1802 1170 1865 suis
1194 1801 1288 1865 festi-

279 1902 389 1966 navit:
411 1903 583 1986 coegitque
610 1902 764 1967 Britones
793 1903 836 1966 ad
866 1902 977 1966 silvam
1003 1923 1044 1964 ex
1070 1921 1136 1983 qua
1162 1902 1288 1986 egressi

278 2001 413 2064 fuerant
434 2022 615 2077 recurrere,
632 2023 692 2066 nec
714 2003 783 2066 sine
806 2001 1002 2065 detrimento
1025 2021 1171 2076 suorum,
1190 2001 1286 2066 diffu-

278 2099 398 2185 giendo
424 2100 544 2164 etenim
567 2099 721 2164 Britones
745 2099 994 2164 revertebantur
1017 2099 1172 2162 instructi
1194 2100 1284 2176 locis,

278 2206 379 2283 atque
412 2187 659 2283 insequentibus
695 2208 839 2284 stragem
872 2197 1065 2282 ingerebant
1097 2200 1284 2265 maximam.

280 2299 408 2378 Quibus
434 2300 495 2362 hoc
515 2299 612 2362 modo
639 2299 838 2373 cedentibus
867 2296 1014 2362 Hiderus
1041 2318 1116 2360 cum
1139 2299 1285 2382 quinque

277 2398 408 2462 milibus
432 2398 645 2473 accelerabat,
669 2406 708 2461 ut
729 2397 851 2462 eisdem
866 2397 1063 2460 subveniret.
1110 2394 1286 2461 Resistunt

279 2517 357 2581 ergo
380 2494 453 2579 ipsi,
470 2502 504 2558 et
530 2490 648 2580 quibus
673 2503 769 2580 terga
793 2495 890 2579 paulo
910 2502 987 2558 ante
1013 2494 1181 2569 dederant,
1199 2517 1286 2559 nunc

277 2602 411 2678 pectora
426 2601 636 2677 opponentes,
652 2594 777 2657 validos
792 2594 877 2658 ictus
886 2593 1024 2658 viriliter
1038 2593 1162 2656 inferre
1177 2593 1284 2657 elabo-

277 2701 362 2757 rant.
430 2691 605 2756 Resistunt
635 2693 732 2756 etiam
762 2692 904 2756 Romani
934 2699 968 2755 et
1002 2691 1199 2776 quandoque
1229 2714 1284 2756 eos

276 2799 509 2877 prosternunt:
533 2791 728 2875 quandoque
753 2812 829 2855 vero
859 2791 900 2854 ab
926 2790 990 2853 illis
1016 2797 1281 2873 prosternuntur.

277 2890 325 2954 At
341 2890 495 2955 Britones
510 2897 582 2954 toto
593 2890 714 2954 affectu
724 2889 953 2954 desiderabant
961 2888 1129 2952 militiam:
1154 2890 1213 2952 sed
1224 2911 1283 2954 nec

275 2989 416 3052 multum
442 2989 601 3052 curabant
625 2981 673 3051 in'
690 3009 787 3072 quem
813 2996 965 3052 eventum
987 2987 1180 3063 inciderent,
1206 2988 1283 3052 dum

276 3108 348 3151 eam
370 3086 578 3170 incipiebant.
627 3086 770 3149 Romani
793 3095 904 3149 autem
930 3086 1106 3169 sapientius
1131 3087 1280 3170 agebant,

277 3207 356 3268 quos
373 3184 525 3250 Petreius
543 3186 651 3262 Cotta,
663 3207 754 3250 more
768 3185 845 3249 boni
856 3184 959 3259 ducis,
970 3207 1057 3248 nunc
1071 3184 1114 3248 ad
1128 3186 1282 3250 invaden-
1327 3177 1331 3182 ¹

273 3271 364 3359 dum,
381 3304 469 3348 nunc
484 3283 527 3348 ad
542 3284 789 3370 diffugiendum,
806 3283 970 3367 sapienter
985 3283 1163 3348 edocebat:
1187 3293 1221 3348 et
1236 3286 1282 3349 ita

275 3383 453 3448 maximum
478 3383 634 3446 damnum
664 3383 780 3448 ceteris
807 3382 1022 3466 impendebat.
1079 3381 1180 3461 Quod
1209 3405 1282 3448 cum

277 3482 401 3547 Bosoni
416 3492 618 3566 compertum
630 3490 726 3559 esset,
739 3483 849 3566 plures
865 3502 979 3545 eorum
994 3503 1076 3564 quos
1091 3482 1281 3548 audaciores

275 3590 421 3658 noverat,
439 3583 582 3666 sejunxit
597 3604 617 3646 a
632 3582 759 3658 ceteris
770 3591 803 3646 et
819 3603 873 3646 eos
888 3582 950 3645 hoc
964 3582 1061 3645 modo
1077 3582 1196 3645 affatus
1212 3590 1280 3648 est:

278 3681 474 3761 “Quoniam
489 3681 653 3746 nesciente
668 3679 794 3745 Arturo
818 3681 908 3745 istud
927 3682 1075 3765 praelium
1089 3681 1279 3765 incepimus,
1400 3701 1403 3712 ¹

275 3781 453 3846 cavendum
464 3780 557 3845 uobis
574 3788 633 3855 est,
645 3801 686 3843 ne
700 3781 734 3843 in
748 3781 893 3864 pejorem
908 3788 1036 3864 partem
1044 3781 1165 3864 incepti
1176 3781 1281 3846 nostri

276 3880 473 3946 decidamus.
520 3875 607 3942 Nam
623 3878 700 3942 siin
715 3879 803 3943 illam
816 3879 1041 3955 deciderimus
1055 3887 1088 3943 et
1102 3879 1280 3943 maximum

277 3979 430 4042 damnum
458 3977 599 4040 militum
635 3985 824 4043 nostrorum
852 3977 1067 4054 incurremus,
1099 3985 1133 4041 et
1168 3999 1280 4063 regem

275 4084 425 4141 nostrum
434 4076 476 4140 ad
485 4075 703 4140 execrandum
713 4097 772 4141 nos
782 4077 1065 4141 commovebimus.
1110 4075 1280 4142 Resumite

276 4173 466 4240 audaciam:
490 4181 523 4240 et
539 4174 711 4256 sequimini
726 4196 779 4239 me
793 4195 852 4259 per
868 4181 1015 4243 catervas
1032 4174 1279 4241 Romanorum:
