2862 4870
264 430 305 489 32
582 454 693 497 111111.
716 453 958 497 uosuuuruusrs

264 601 454 658 contentum
480 617 562 672 esse,
578 599 701 661 relictis
725 599 843 663 ceteris
866 599 1005 684 triginta
1019 620 1102 682 quos
1118 600 1273 665 habebat.

264 692 362 758 Unde
375 716 435 758 rex
450 695 565 772 iratus,
581 698 695 761 relicto
713 697 906 783 Maglauno‚
921 698 1040 783 petivit
1057 698 1273 763 Hernuinum

265 791 380 856 ducem
397 793 570 860 (lor-nubite
586 797 639 860 cui
658 797 796 860 alteram
818 805 930 860 natam
955 797 1075 883 Regau
1097 798 1275 862 maritave-

264 900 327 956 rat.
374 892 506 957 Etcum
526 916 547 958 a
569 895 651 958 duce
674 896 853 960 honorifice
876 905 1029 980 receptus
1052 897 1181 972 fuisset,
1205 919 1275 960 non

263 992 423 1074 praeteriit
452 1013 557 1057 annus
587 994 667 1076 quin
689 994 777 1057 inter
803 1015 917 1057 corum
941 994 1080 1058 familias
1107 996 1275 1062 discordia

263 1098 337 1154 orta
346 1089 469 1157 fuerit:
492 1092 698 1176 quamobrem
715 1092 834 1176 Ragau
844 1093 879 1155 in
890 1093 1152 1178 indignationem
1163 1115 1273 1170 versa,

262 1190 418 1274 praecepit
444 1191 532 1274 patri
558 1199 692 1254 cunctos
716 1191 833 1254 milites
864 1213 941 1256 suos
972 1193 1125 1256 deserere
1148 1202 1274 1276 praeter

263 1290 405 1375 quinque
428 1292 485 1375 qui
507 1291 538 1355 ei
568 1291 762 1374 obsequium
794 1299 1000 1374 praestarent.
1048 1291 1154 1356 Porro
1175 1301 1273 1375 pater

262 1391 352 1454 ultra
365 1391 498 1454 modum
513 1391 641 1465 anxius,
664 1411 816 1454 reversus
832 1399 883 1454 est
904 1391 1026 1454 iterum
1045 1391 1088 1454 ad
1106 1392 1272 1476 primoge-

262 1490 376 1565 nitam,
398 1511 533 1572 sperans
556 1510 591 1553 se
613 1510 710 1573 posse
727 1511 799 1553 eam
819 1490 1029 1574 inpietatem
1052 1511 1270 1567 commovere,

262 1597 301 1652 ut
316 1611 390 1652 cum
404 1589 528 1652 familia
542 1609 602 1652 sua
612 1588 821 1654 retineretur.
867 1587 915 1652 At
928 1589 985 1652 illa
999 1611 1019 1652 a
1036 1598 1142 1673 coepta
1162 1589 1271 1674 indig-

262 1687 396 1750 natione
418 1706 624 1769 nequaquam
637 1708 771 1750 revcrsa
794 1695 855 1762 est,
882 1687 939 1751 sed
961 1709 1021 1771 per
1041 1689 1177 1752 numina
1200 1687 1271 1750 oaeli

258 1785 394 1867 juravit,
411 1787 498 1868 quod
513 1787 699 1850 nullatenus
712 1807 823 1850 seeum
837 1795 1032 1862 remaneret,
1057 1787 1122 1851 nisi
1136 1795 1271 1870 postpo-

263 1883 335 1947 sitis
355 1885 482 1960 ceteriS,
514 1885 582 1948 solo
608 1885 711 1948 milite
734 1892 908 1948 contentus
928 1894 1025 1950 esset.
1075 1884 1270 1968 Increpabat

262 1982 361 2046 etiam
381 2004 456 2046 eum
472 2005 592 2058 senem,
618 1990 652 2046 et
665 1983 756 2046 nulla
769 2004 807 2047 re
833 1983 1065 2058 abundantem,
1093 1984 1176 2047 11111
1192 2005 1267 2047 oum

260 2083 478 2146 tantamilitia
488 2082 648 2146 incedere.
695 2080 845 2163 Cumque
854 2081 911 2144 illa
921 2101 1092 2144 assensum
1103 2082 1268 2146 voluntati

262 2181 334 2264 ejus
348 2183 534 2246 nullatenus
548 2181 756 2266 praebuisset:
778 2180 889 2264 paruit
904 2180 969 2256 ille,
988 2188 1022 2244 et
1036 2181 1158 2245 relictis
1175 2190 1269 2245 caete-

261 2279 308 2343 ris
328 2301 402 2343 cum
428 2282 496 2344 solo
520 2281 623 2345 milite
649 2287 821 2343 contentus
845 2279 1014 2343 remansit.
1061 2278 1109 2343 At
1135 2301 1210 2342 cum
1233 2280 1269 2343 in

261 2378 450 2442 memoriam
474 2379 620 2462 pristinae
643 2378 813 2464 dignitatis
838 2377 994 2441 reductus
1016 2378 1146 2453 fuisset,
1173 2399 1267 2441 suam

261 2478 454 2543 detestando
473 2479 639 2543 miseriam
658 2479 693 2541 in
719 2497 817 2560 quam
834 2477 987 2542 redactus
1012 2486 1099 2543 erat:
1122 2478 1268 2563 cogitare

260 2578 356 2662 coepit
370 2578 536 2642 minimam
546 2577 645 2642 filiam
654 2585 746 2640 trans
761 2574 929 2640 Oceanum
940 2577 1042 2640 adire.
1090 2577 1157 2641 Sed
1172 2577 1267 2641 dubi-

259 2680 352 2743 tabat
365 2678 447 2742 nihil
458 2678 562 2761 ipsam
581 2675 643 2740 sibi
661 2675 744 2738 velle
761 2675 879 2749 facere,
897 2675 1052 2757 quoniam
1066 2684 1136 2739 tam
1160 2676 1267 2761 inglo-

260 2777 356 2852 riose,
378 2784 417 2840 ut
440 2776 631 2859 praedictum
657 2782 718 2848 est,
746 2794 816 2836 eam
842 2775 1023 2837 habuisset.
1086 2773 1267 2859 Indignaris

259 2882 370 2938 tamen
383 2875 549 2938 miseriam
573 2893 666 2936 suam
692 2871 815 2935 diutius
835 2871 934 2947 ferre,
960 2873 994 2934 in
1017 2871 1142 2936 Gallias
1157 2882 1266 2936 trans-

259 2972 403 3037 fretavit.
423 2974 496 3037 'Sed
505 2971 749 3037 transfretando
759 2991 832 3034 cum
844 2991 879 3034 se
888 2971 1023 3034 vidisset
1033 2972 1169 3035 tertium
1179 2973 1267 3036 inter

258 3072 421 3156 principes
433 3073 490 3155 qui
501 3072 654 3136 aderant:
669 3070 704 3133 in
712 3069 886 3133 haecverba
897 3091 971 3132 oum
982 3071 1062 3133 fletu
1075 3079 1108 3134 11
1118 3071 1267 3157 singultu

259 3172 425 3256 prorupit:
466 3169 527 3236 “O
557 3167 782 3233 irrevocabilia
811 3167 973 3230 factorum
1011 3169 1153 3245 decreta,
1192 3193 1265 3253 quse

259 3271 355 3334 solito
370 3291 469 3334 cursu
483 3271 547 3334 iter
561 3269 664 3332 fixum
675 3265 830 3330 tenditis!
879 3265 948 3329 Gur
972 3288 1119 3350 unquam
1141 3291 1195 3332 me
1222 3271 1266 3332 ad

259 3369 444 3434 instabilem
458 3368 648 3432 felicitatem
663 3385 854 3449 promovere
869 3365 1035 3429 voluistis:
1059 3388 1133 3429 cum
1152 3369 1263 3452 ,major

259 3491 352 3554 poena
368 3467 411 3532 sit
425 3468 529 3552 ipsam
544 3465 696 3529 amissam
711 3464 864 3537 recolere,
881 3484 980 3546 quam
997 3465 1165 3546 sequentis
1180 3467 1265 3531 infe-

258 3567 390 3632 licitatis
419 3565 593 3651 praesentia
612 3563 734 3649 urgeri.
781 3560 894 3646 Magis
915 3562 1002 3625 enim
1028 3574 1187 3649 aggravat
1210 3589 1265 3632 me

258 3668 345 3731 illius
359 3665 517 3750 temporis
532 3662 698 3736 memoria,
721 3682 786 3745 quo
801 3669 852 3725 tot
867 3662 1013 3725 centenis
1032 3663 1164 3727 milibus
1179 3665 1264 3728 mili-

183 3801 186 3804 ·
258 3774 330 3830 tum
345 3767 485 3850 stipatus
505 3772 539 3827 et
558 3762 676 3825 moenia
698 3760 830 3823 urbium
854 3760 996 3836 diruere,
1021 3769 1055 3824 et
1078 3764 1263 3845 provincias

257 3866 402 3931 hostium
413 3872 543 3928 vatare
554 3863 712 3926 solebam:
736 3881 834 3945 quam
844 3860 1010 3924 calamitas
1019 3861 1158 3926 miseriae
1170 3884 1262 3939 meae,

259 3987 331 4049 quae
345 3965 444 4049 ipsos,
473 3963 530 4047 qui
540 3961 610 4045 jam
628 3961 689 4024 sub
704 3960 840 4044 pedibus
864 3959 945 4022 meis
957 3959 1121 4043 jacebant,
1150 3962 1263 4026 debili-

257 4072 360 4128 tatem
375 4083 479 4126 meam
501 4060 649 4124 deridere
669 4059 784 4145 coegit.
832 4056 863 4123 O
884 4058 970 4122 irata
994 4058 1145 4122 fortuna!
1173 4060 1263 4123 veni-

258 4169 333 4226 etne
355 4161 424 4224 dies
440 4180 666 4242 unquamqua
684 4157 763 4240 ipsis
779 4156 881 4220 vicem
896 4157 1034 4220 reddere
1048 4165 1180 4240 potero:
1205 4159 1263 4241 qui
