2862 4870
392 467 546 510 merorum
560 467 633 510 aaa.
643 467 725 508 narr.
741 467 803 510 mn.
818 467 865 510 111.
1089 451 1127 508 41

124 610 209 674 nacti
225 617 307 675 sunt
331 631 492 695 eampum,
508 611 692 674 diviserunt
715 618 855 694 uterque
871 611 975 675 socios
995 631 1077 674 suos·
1094 611 1129 676 in

4 757 5 778 2
122 716 258 785 turmas,
281 709 496 793 cominusque
510 709 740 794 aggredientes
768 709 911 792 praeliari
950 720 1127 794 coeperunt.

4 811 5 814 ’
124 807 272 872 Multum
282 808 577 891 dieiinpraeliando
586 815 846 882 consumserunt,
858 809 979 892 quiain
990 817 1132 893 utraque

123 916 217 992 parte
231 907 457 991 probatissimi
471 906 535 970 viri
555 906 707 971 dexteras
731 907 992 973 commiscebant.
1038 907 1130 973 Mul-

124 1015 194 1070 tum
221 1006 350 1070 cruoris
373 1006 450 1069 hinc
465 1012 499 1069 et
513 1004 590 1068 inde
608 1004 778 1080 fuderunt,
795 1006 873 1089 quia
895 1008 961 1071 tela
986 1007 1130 1092 ipsorum

124 1106 251 1170 viribus
278 1106 419 1180 vibrata,
446 1103 586 1168 laetifera
605 1103 741 1166 vulnera
762 1103 966 1188 ingerebant.
1014 1107 1131 1174 Conci-

126 1205 248 1269 debant
263 1205 351 1267 inter
366 1209 556 1267 corruentes
571 1202 721 1266 cohortes
736 1203 909 1279 vulnerati,
922 1207 1132 1288 quemadmo-

126 1301 200 1364 dum
217 1311 348 1388 segetes
363 1323 438 1365 cum
461 1323 482 1365 a
502 1300 714 1364 falcatoribus
733 1301 981 1385 aggrediuntur.
1028 1302 1132 1368 Deni-

125 1420 189 1482 que
203 1402 459 1484 praevalentibua
481 1399 686 1473 Britonibus,
699 1399 877 1484 diffugiunt
892 1398 1132 1488 Norwegenses

126 1498 280 1564 laceratis
295 1500 488 1585 agminibus,
505 1497 547 1562 ad
569 1518 688 1561 naves:
712 1518 794 1580 quos
808 1496 974 1582 fugientes
988 1501 1132 1585 insequi-

127 1607 180 1663 tur
190 1599 341 1676 Belinus,
354 1599 475 1663 eadem
487 1598 557 1662 sine
565 1597 689 1681 pietate
702 1597 837 1662 faciens.
884 1597 1084 1666 Ceciderunt
1098 1602 1132 1666 in

128 1698 183 1762 illo
197 1699 314 1782 praelio
333 1697 517 1781 quindecim
527 1696 630 1760 millia
644 1695 830 1759 hominum:
853 1717 913 1760 nec
928 1719 969 1761 er
991 1700 1132 1768 residuis

127 1797 216 1860 mille
237 1797 483 1881 superfuerunt,
510 1795 568 1878 qui
590 1793 683 1857 illaesi
697 1793 919 1858 abscederent.
965 1794 1012 1860 At
1028 1797 1133 1865 Bren-

129 1895 202 1959 nius
217 1896 276 1959 rix
290 1916 388 1958 unam
413 1914 527 1958 narem
550 1900 678 1968 nactus,
702 1899 740 1955 ut
763 1891 898 1956 fortuna
920 1896 1132 1976 conduxerat,

132 1993 302 2058 Gallicana
315 1994 429 2057 littora
442 1991 569 2076 petivit.
616 1989 737 2054 Crateri
751 2010 830 2054 ‘vero
846 1993 903 2074 qui
918 2014 991 2057 cum
1006 1995 1062 2060 illo
1077 1997 1134 2062 ad.

130 2101 300 2168 venerant,
313 2113 377 2176 quo
393 2110 487 2154 casus
504 2087 654 2164 ducebat,
670 2089 813 2154 latebras
829 2090 1013 2175 exigebant.

190 2353 206 2433 ς
227 2354 258 2414 4.
279 2369 343 2412 unx
363 2367 475 2421 namn,
497 2365 562 2410 cun
582 2365 712 2408 nnnrrur
733 2365 848 2422 orons,
869 2365 911 2409 nx
932 2367 1073 2414 cruorum

520 2471 750 2514 nunnrurrua.

148 2634 152 2651 ,
219 2630 239 2641 γ’
436 2581 511 2646 UM
540 2583 644 2668 igitur
666 2581 784 2646 Belino
810 2584 948 2648 victoria
973 2587 1134 2664 cessisset,

228 2700 234 2715 ’
252 2720 266 2755 ‚·
351 2686 357 2695 '
434 2682 626 2747 convocavit
641 2703 752 2745 omnes
768 2683 864 2768 regni
879 2704 1032 2766 proceres
1047 2685 1137 2753 intra

318 2769 321 2777 ’
373 2816 379 2843 .›
436 2779 620 2845 Eboracum
631 2781 765 2844 consilio
776 2781 923 2863 ipsorum
932 2791 1135 2852 tractaturus

182 2964 188 2967 ,
288 2897 305 2947 Γ
328 2914 345 2949 a
360 2938 384 2953 ,
435 2880 515 2963 quid
530 2880 571 2943 de
586 2901 663 2964 rege
679 2878 848 2943 Dacorum
856 2880 990 2947 faceret.
1037 2881 1137 2948 Man·

436 2980 572 3042 daverat
580 2999 721 3061 namque
733 2978 763 3041 ei
773 3000 813 3042 ex
825 3000 955 3044 earcere
966 2981 1054 3064 quod
1065 3003 1136 3048 sese

170 3076 172 3083 ’
340 3112 351 3121 Α
435 3097 636 3162 regnumque
651 3075 765 3140 Daciae
788 3078 819 3140 ei
841 3079 1060 3156 submitteret,
1076 3083 1137 3145 tri-

135 3177 316 3261 butumque
343 3177 479 3262 singilis
502 3177 596 3240 anuis
621 3176 769 3251 donaret,
802 3177 927 3241 sicum
949 3181 1053 3244 amica
1077 3201 1137 3245 sua

135 3279 217 3343 liber
248 3277 412 3341 sineretur
441 3276 550 3340 abire:
578 3275 745 3338 mandavit
771 3276 867 3339 etiam
892 3277 980 3359 quod
1005 3287 1136 3362 pactum

136 3398 233 3442 suum
248 3375 371 3440 foedere
381 3373 564 3458 juramenti
575 3380 609 3437 et
624 3372 792 3436 obsidibus
808 3375 1022 3440 confirmaret.
1050 3376 1137 3440 Con-

135 3475 258 3540 vocatis
289 3493 368 3558 ergo
402 3471 602 3555 proceribus,
633 3491 707 3533 cum
736 3471 771 3533 id
804 3471 982 3536 indicatum
1007 3473 1137 3550 fuisset,

137 3595 303 3640 assensum
339 3572 551 3656 praebuerunt
588 3569 706 3644 cuncti,
744 3576 783 3632 ut
815 3568 951 3635 Belinus
987 3572 1137 3655 petitioni

139 3671 347 3739 Guiohthlaci
362 3691 433 3734 cum
447 3669 604 3754 praediota
618 3667 804 3732 conditione
823 3669 1058 3752 acquiesceret:
1086 3691 1138 3734 ac-

138 3775 260 3858 quievit
271 3793 351 3858 ergo
366 3771 455 3854 ipse:
487 3776 520 3833 et
537 3767 773 3831 Guichthlacus
798 3788 839 3830 ex
862 3789 991 3833 carcere
1011 3769 1138 3834 solutus

139 3895 209 3941 eum
224 3873 327 3938 amica
342 3870 451 3936 suain
463 3867 602 3932 Daciam
616 3885 769 3930 reversus
785 3872 846 3929 est.
