2848 4888
409 471 565 516 nrsroens
580 473 652 518 nso.
668 473 750 519 narr.
765 475 828 522 mn.
839 476 870 521 x.
1093 461 1151 524 191

361 701 376 783 ς
398 700 427 764 7.
447 719 590 763 mrunns
610 721 736 765 remmus
757 723 932 768 nourrius.

198 866 255 917 ἐν
302 850 359 933 -1
447 832 683 898 ISPOSITIS
709 835 821 919 itaque
844 839 978 915 eunetis,
995 844 1150 909 commili-

256 984 260 1005 ,
445 944 539 1001 tenes
550 937 753 1002 suosin'haeo
763 938 864 1002 verba
874 939 1018 1005 affatur:
1040 950 1061 976 ‘⁴
1077 941 1148 1008 De-

404 1175 409 1180 -
442 1155 624 1220 regnorum
660 1135 784 1199 fecistis
820 1137 993 1214 dominam,
1030 1149 1149 1206 vestra

150 1262 213 1297 νε·-
442 1233 652 1319 eongratulor
663 1234 830 1317 probitati,
847 1257 945 1319 quam
961 1239 1147 1306 nudatenus

158 1312 182 1326 τ
194 1313 256 1358 ’Ξτ-
268 1312 362 1365 :²²⁷¹
390 1345 393 1350 ·
441 1332 588 1408 deficere,
599 1333 698 1396 immo
712 1334 815 1420 magis
831 1335 944 1420 vigere
957 1337 1147 1404 considero:

140 1428 217 1493 lieet
248 1430 394 1514 quinque
426 1431 520 1496 annis
555 1431 771 1507 inexercitati,
809 1432 1052 1500 oblectamentis
1087 1438 1148 1501 oeri

142 1528 263 1611 potius,
295 1549 393 1613 quam
430 1529 507 1592 usui
542 1529 683 1592 militiae
700 1530 801 1594 dediti
832 1530 943 1595 fuistis
970 1533 1147 1601 haetenusz

145 1647 354 1711 nequaquam
383 1635 494 1690 tamen
509 1627 549 1691 ab
564 1629 676 1691 innata
698 1628 846 1693 bonitate
870 1629 1147 1715 degeneravistis:

142 1725 199 1788 sed
232 1725 268 1788 in
299 1726 370 1809 ipsa
400 1735 659 1808 perseverantes,
688 1724 858 1792 Romanos
889 1731 1080 1813 propulistis
1112 1734 1148 1797 in

141 1824 281 1908 fugam:
305 1825 361 1908 qui
382 1825 606 1888 instimulante
629 1825 781 1908 superbia
802 1847 946 1903 suorum,
961 1828 1150 1896 libertatem

140 1923 234 1987 vobis
251 1923 382 1986 demere
397 1923 654 1986 affectaverunt:
675 1924 733 2006 qui
747 1925 895 2007 ampliori
910 1947 1046 1992 numero
1062 1931 1147 1995 inee-

142 2022 268 2097 dentes,
280 2022 429 2106 ingerere
441 2022 554 2104 praelia
564 2030 747 2106 eoeperunt:
769 2023 827 2105 qui
838 2028 1025 2110 congressui
1036 2038 1147 2094 vestro

141 2123 298 2186 resistere
324 2141 390 2183 non
414 2120 571 2195 valentes,
603 2141 674 2184 sese
699 2122 840 2204 turpiter
866 2123 954 2187 intra
982 2126 1148 2192 civitatem

142 2219 243 2282 istam
257 2226 462 2302 receperunt,
475 2239 515 2282 ex
527 2240 592 2302 qua
605 2219 648 2282 ad
661 2240 803 2302 praesens
828 2224 1020 2305 egressuris,
1036 2233 1070 2289 et
1089 2248 1148 2310 per

140 2318 240 2382 istam
254 2317 382 2392 vallem,
393 2316 671 2402 Augustodunum
685 2318 848 2399 petituris,
861 2320 989 2385 obviam
998 2325 1148 2407 poteritis

140 2416 257 2480 adesse
271 2439 279 2481 z
302 2424 334 2480 et
343 2417 424 2478 nihil
438 2417 504 2480 tale
518 2416 771 2500 praemeditatos,
787 2417 889 2483 veluti
899 2421 1042 2503 pecudes
1056 2446 1148 2488 oceu-

141 2535 231 2597 pare.
282 2513 367 2578 Sane
385 2512 606 2578 Orientalium
628 2515 776 2599 gentium
800 2517 972 2600 segnitiam
995 2520 1030 2582 in
1055 2522 1148 2586 vobis

142 2633 214 2676 esse
231 2613 478 2676 existimabant:
501 2613 579 2676 dum
601 2613 743 2696 patriam
755 2622 899 2678 vestram
920 2616 1028 2681 faeere
1043 2619 1148 2682 tribu-

140 2711 270 2785 tariam,
301 2718 335 2773 et
360 2711 574 2793 vosmetipsos
604 2711 780 2794 subjugare
794 2713 994 2779 affectarent.
1041 2715 1147 2781 Num-

144 2808 224 2892 quid
239 2815 402 2872 noverunt
418 2829 491 2891 quae
510 2808 595 2872 bella
618 2806 719 2872 Dacis
735 2818 835 2894 atque
857 2809 1146 2897 NorvvegensibuS,

145 2905 384 2988 Gallorumque
400 2905 536 2968 ducibus
547 2904 730 2970 intulistis?
753 2928 836 2990 quos
855 2930 936 2972 meae
956 2911 1147 2979 subdidistis

142 3004 310 3089 potestati,
339 3013 372 3067 et
387 3003 427 3066 ab
454 3025 568 3066 eorum
591 3004 743 3086 pudendo
765 3006 908 3072 dominio
930 3009 1147 3077 liberavistis:

145 3103 214 3183 Qui
236 3103 339 3187 igitur
364 3103 398 3165 in
420 3102 564 3186 graviori
584 3103 803 3168 decertatione
816 3106 1001 3172 valuimus:
1024 3110 1059 3173 in
1080 3112 1149 3176 haeo

142 3201 257 3266 leviori
270 3201 338 3264 sine
349 3201 445 3264 dubio
456 3201 714 3283 praevalebimus,
729 3201 755 3264 si
766 3203 838 3286 pari
847 3205 966 3270 affeetu
979 3209 1148 3274 semiviros

142 3301 214 3364 illos
253 3299 527 3362 elaboraverimus
561 3299 752 3382 opprimere.
821 3301 972 3381 Quantos
1008 3306 1148 3373 honores

143 3397 281 3482 quisque
307 3405 453 3460 vestrum
481 3397 669 3480 possidebit,
697 3398 725 3460 si
754 3399 914 3464 voluntati
943 3423 1022 3466 mese
1049 3414 1148 3488 atque

143 3494 313 3578 praeceptis
328 3495 420 3569 meis,
442 3501 481 3557 ut
495 3493 607 3558 fideles
623 3495 867 3574 commilitones,
891 3501 1120 3583 acquieveritis
1135 3503 1148 3568 l

146 3591 338 3677 Subjugatis
374 3592 494 3656 etenim
520 3593 608 3674 ipsis,
643 3593 797 3657 continno
823 3593 965 3660 Romam
990 3608 1147 3682 petemus,

144 3691 282 3774 petitam
297 3690 471 3774 capiemus,
488 3699 616 3773 captam
631 3691 888 3774 possidebimus:
910 3703 944 3758 et
959 3697 1006 3761 sie
1021 3720 1148 3778 aurum,

145 3797 329 3874 argentum,
356 3789 487 3872 palatia,
508 3797 628 3864 turres,
654 3789 783 3872 oppida,
805 3791 962 3870 civitates,
976 3803 1009 3858 et
1024 3807 1149 3865 ceteras

145 3886 307 3951 vietorum
323 3887 452 3951 divitias
467 3886 635 3950 babebitis.
682 3883 800 3952 Adhuc
814 3897 925 3954 autem
939 3891 1009 3976 ipso
1024 3894 1150 3964 dicente

145 3985 233 4060 talia,
244 4005 357 4048 omnes
363 4005 429 4048 uno
441 3985 581 4048 elamore
590 3985 785 4050 assentiunt:
802 3988 1051 4070 paratimortem
1061 3996 1149 4079 prius

146 4083 301 4166 recipere,
318 4104 416 4166 quam
431 4084 560 4148 vivente
582 4083 653 4166 ipso
669 4104 815 4168 eampum
839 4085 1037 4172 diffugiendo
1052 4095 1150 4158 relin-

147 4201 254 4263 quere.
