2848 4888
380 527 535 570 merorum
549 526 874 571 aas.nn1r.n1a.v111.
927 584 935 600 ,
1083 509 1141 570 149

133 667 233 731 nandi
248 669 363 735 avida:
386 692 447 734 nos
472 691 550 736 vero
576 671 718 736 rariores
742 671 921 736 existimus.
970 669 1007 734 si
1031 676 1142 735 autem

132 766 220 830 diem
247 768 458 852 supervenire
483 770 783 854 expectaverimus:
811 791 877 834 non
906 789 1022 834 censeo
1048 768 1142 833 uobis

131 865 224 942 utile,
241 875 280 931 ut
291 889 366 930 cum
377 869 425 932 eis
437 868 693 953 congrediamur.
733 866 797 933 Eia
807 889 896 953 ergo,
910 867 988 931 dum
999 867 1144 932 tenebrae

132 963 267 1042 durant,
293 966 438 1031 densatis
460 967 578 1031 turmis
603 967 848 1042 descendamus,
873 967 1027 1051 ipsosque
1053 965 1143 1030 intra

132 1071 244 1127 castra
260 1084 320 1128 sua
339 1066 448 1129 subito
468 1066 591 1150 impetu
606 1066 807 1130 invadamus.
854 1063 942 1128 Nam
963 1064 1041 1130 dum
1060 1065 1142 1128 nihil

130 1159 368 1240 haesitaverint,
378 1185 439 1228 nec
449 1185 509 1228 nos
520 1171 674 1229 venturos
683 1165 745 1228 hoc
755 1163 853 1228 modo
868 1163 1142 1228 existimaverint:

132 1259 161 1324 si
177 1261 377 1327 unanimiter
391 1262 553 1327 irruentes
569 1263 621 1328 usi
640 1263 796 1327 fuerimus
812 1261 955 1337 audacia,
976 1262 1141 1345 triumpho

131 1360 203 1424 sine
231 1361 329 1425 dubio
349 1363 519 1446 potiemur.
567 1361 697 1426 Placuit
721 1361 792 1446 regi
818 1360 1031 1444 omnibusque
1057 1361 1141 1426 illius

131 1461 312 1525 sententia:
334 1462 532 1546 monitisque
543 1461 615 1544 ejus
624 1468 815 1544 paruerunt.
866 1458 990 1523 statuti
999 1481 1141 1544 namque

129 1579 191 1642 per
206 1567 333 1623 turmas
346 1567 380 1625 et
390 1561 518 1636 armati,
534 1568 643 1624 castra
654 1560 796 1624 hostium
806 1567 934 1644 petunt,
947 1567 981 1623 et
995 1559 1141 1626 unanimi

131 1655 255 1720 affectu
280 1659 314 1720 in
339 1659 428 1743 ipsos
456 1659 583 1723 irruere
611 1665 807 1743 proponunt.
853 1657 901 1721 At
931 1657 1010 1721 dum
1039 1679 1141 1742 prope

129 1755 330 1833 incederent,
352 1766 580 1842 compererunt
599 1758 715 1843 vigiles
736 1777 850 1820 eorum
870 1756 1057 1834 adventum,
1083 1759 1140 1845 qui

128 1863 301 1937 soporatos
327 1858 431 1922 socios
454 1857 564 1922 sonitu
583 1856 741 1921 lituorum
761 1855 1006 1941 evigilaverunt.
1055 1856 1139 1922 Tur-

129 1953 200 2018 bati
220 1955 333 2040 itaque
353 1956 474 2033 hostes,
497 1964 531 2023 et
557 1955 742 2040 stupefacti,
769 1954 889 2039 partim
915 1975 1044 2020 armare
1070 1978 1142 2022 sese

130 2053 301 2130 festinant,
324 2055 445 2138 partim
465 2055 638 2120 formidine
663 2054 892 2138 praeoccupati,
916 2075 980 2138 quo
1000 2055 1141 2139 impetus

132 2153 284 2230 ducebat,
302 2153 538 2219 discurrebant.
585 2154 632 2218 At
650 2152 814 2229 Britones,
831 2152 976 2217 densatis
990 2155 1141 2219 inceden-

129 2258 181 2315 tes
193 2251 324 2327 turmis,
337 2274 434 2338 ocyus
445 2253 568 2317 adeunt
583 2260 701 2328 castra,
712 2260 746 2315 et
756 2251 930 2315 invadunt:
946 2260 1142 2337 repertoque

130 2350 233 2426 aditu,
255 2352 386 2416 nudatis
407 2353 538 2417 ensibus
558 2353 593 2415 in
611 2353 724 2416 hostes
745 2359 953 2415 concurrunt.
1003 2350 1071 2430 Qui
1093 2353 1142 2416 ita

132 2471 172 2514 ex
195 2450 372 2535 improviso
393 2453 552 2536 occupati,
574 2473 639 2515 non
661 2437 799 2514 viriliter
821 2450 1036 2515 reddiderunt
1058 2473 1141 2536 prae·

130 2549 230 2615 lium:
254 2573 330 2614 eum
351 2553 451 2616 ceteri
477 2551 645 2616 audaciam
665 2572 739 2614 cum
758 2549 1039 2633 praemeditatione
1053 2573 1141 2617 rece-

131 2649 266 2733 pissent.
326 2649 432 2714 Porro
463 2649 618 2715 Britones
648 2650 769 2713 acriter
798 2647 924 2713 irruere
952 2650 1138 2728 intendunt,

46 2825 50 2832 Ι
131 2749 300 2813 trucidare
319 2757 497 2815 conantur:
521 2758 554 2813 et
581 2747 733 2834 Paganos
756 2747 798 2811 ad
820 2749 908 2812 milia
927 2749 1137 2816 interficiunt.

131 2845 284 2931 Denique
307 2849 394 2932 capti
418 2855 496 2912 sunt
520 2846 606 2913 Oeta
625 2855 659 2912 et
683 2846 781 2923 Eosa,
799 2855 832 2912 et
845 2845 992 2913 Saxones
1006 2851 1138 2935 penitus

130 2945 290 3032 dissipati.

173 3206 189 3287 q
213 3208 261 3268 19.
284 3225 390 3268 urana
410 3224 518 3270 AMORE
540 3225 666 3267 reanum
688 3224 885 3280 enrrrvnrus,
908 3225 969 3268 rna
989 3228 1087 3271 naras

353 3330 488 3372 unauna
508 3330 652 3385 mamas,
673 3330 747 3372 arus
768 3331 912 3374 norman.

148 3458 393 3531 ,gfff-{aa
434 3443 524 3510 OST
562 3444 650 3508 illam
687 3465 766 3508 vero
802 3443 983 3520 victoriam,
1020 3446 1138 3528 petivit

307 3552 321 3611 ἵε
353 3521 396 3670 {q
431 3545 546 3608 urbem
562 3541 692 3619 Alclud,
713 3543 950 3627 provinciaque
970 3543 1016 3606 illi
1032 3543 1137 3628 dispo-

135 3630 190 3735 ·’''2-'‘
277 3643 384 3763 ζ”ἡ
432 3643 519 3707 suit:
564 3663 741 3726 pacemque
781 3642 901 3726 ubique
946 3645 1135 3710 renovavit:

166 3768 186 3837 ἲ
231 3736 274 3821 ξ·
432 3742 579 3806 circuivit
608 3742 707 3806 etiam
737 3763 849 3804 omnes
877 3740 1050 3806 Scotorum
1078 3765 1136 3808 nas

244 3820 276 3930 {p
300 3839 333 3887 ”>“”
352 3826 392 3923 'fi
431 3843 546 3916 tiones,
563 3840 782 3924 rebellemque
796 3839 953 3924 populum
969 3862 989 3904 a
1003 3841 1136 3910 feritate

140 3943 144 3967 '¹
172 3960 189 3975 ⁷
274 3949 277 3956 '
293 3926 332 3979 ²⁴⁴³*
347 3946 381 3977 ’·““
432 3962 492 4005 sua
503 3940 667 4025 deposuit:
683 3946 810 4003 tantam
821 3959 962 4022 namque
972 3939 1136 4023 justitiam

131 4040 302 4104 exercebat
325 4060 384 4124 per
406 4038 544 4124 patrias
572 4046 726 4122 quantam
752 4039 835 4102 alter
858 4036 1135 4120 predecessorum

131 4157 263 4202 suorum
278 4160 344 4202 non
359 4138 492 4203 fecerat.
541 4136 740 4202 Tremebant
764 4156 843 4220 ergo
869 4135 903 4198 in
924 4135 1135 4224 diebusejus

132 4237 315 4324 quicunque
344 4259 497 4321 perverse
528 4237 679 4322 agebant,
711 4258 785 4300 cum
815 4235 885 4299 sine
914 4234 1134 4302 misericordia

951 4334 960 4356 .
