2862 4870
367 488 524 532 nrsroarn
543 489 619 533 ano.
642 491 724 534 sarr.
738 491 802 535 nra.
823 493 844 534 1.
1110 477 1131 536 3

16 679 18 734 ζ
125 627 267 714 ejusdem
282 632 416 715 navigio
427 632 588 698 feruntur.
636 632 695 699 Bi
707 635 1038 720 denisetiambisque
1050 657 1130 720 qua-

16 767 17 772 ι
123 730 221 796 ternis
236 730 428 796 civitatibus
443 731 521 795 olim
538 733 693 797 decorata
711 741 801 798 erat:
826 754 964 818 quarum
979 735 1130 819 quosdam

16 821 18 914 ᾗ
124 829 237 894 dirutis
250 831 415 894 moenibus
430 830 464 893 in
479 830 618 895 desertis
632 831 712 895 locis
727 831 956 915 squalescunt:
980 833 1130 916 quaedam

16 923 17 992 ἶ
123 929 316 993 raroadhuc
331 929 469 1014 integros
480 931 603 1013 templa
613 931 1129 1016 sanctorumcumtnrribuspor-

16 1067 18 1106 3
122 1027 230 1110 pulcra
243 1027 445 1112 proceritate
460 1035 569 1092 erecta
588 1029 767 1103 continent,
783 1028 818 1092 in
840 1028 959 1112 quibus
984 1029 1129 1114 religiosi

16 1145 18 1182 ὲ
122 1133 217 1190 cetus
228 1124 610 1190 virorumaomulierum
619 1125 813 1210 obsequium
823 1124 1003 1210 Deojuxta
1015 1126 1128 1192 Chris-

16 1195 18 1201 ,
121 1223 463 1289 tianamtraditionem
476 1231 646 1307 praestant.
693 1223 868 1288 Postremo
880 1225 1026 1309 quinque
1034 1225 1126 1288 inha-

16 1363 18 1400 ,
120 1323 240 1387 bitatur
269 1321 425 1408 populis:
463 1321 623 1386 Romanis
645 1321 797 1387 videlieet
819 1331 921 1407 atquo
943 1320 1125 1398 Britannis,

16 1413 18 1480 ἶ
122 1421 318 1498 Senonibus,
332 1420 446 1497 Pictis,
463 1431 496 1485 at
512 1420 630 1485 Sectis.
677 1420 730 1485 Ex
746 1421 866 1506 quibus
882 1420 1128 1486 Britonosolim

120 1529 191 1586 ante
206 1529 338 1586 ceteros
358 1541 378 1584 a
397 1521 481 1584 mari
501 1541 605 1603 usque
620 1521 663 1583 ad
682 1541 773 1584 mare
788 1520 1000 1585 insederunt:
1024 1519 1127 1584 donec

120 1619 240 1684 ultione
250 1619 364 1683 divina
373 1619 415 1682 ob
423 1619 570 1703 ipsorum
582 1618 768 1702 superbiam
778 1617 1039 1702 superveniente,
1051 1617 1125 1682 Pic-

16 1727 18 1778 ὲ
118 1719 158 1782 tis
181 1727 215 1782 ct
241 1718 430 1784 Senonibus
456 1725 635 1781 cessarunt.
694 1716 847 1796 Qualiter
870 1738 949 1781 vero
979 1725 1013 1781 et
1038 1717 1127 1780 unde

16 1831 18 1880 l
118 1818 344 1901 applicuerint,
368 1824 474 1881 restat
494 1837 582 1879 nunc
604 1816 789 1900 praelibare,
805 1825 844 1880 ut
858 1816 893 1880 in
911 1816 1126 1900 sequentibus

16 1941 18 1958 ³
117 1916 213 1981 latius
227 1917 458 2002 explicabitur.

117 2173 131 2254 ξ
152 2175 181 2236 3.
202 2193 336 2248 caurus,
351 2187 1128 2244 rosrrfflnnrnsooorsosnxon,anno1anarur.

16 2299 18 2336 ³
147 2350 154 2363 ἴ
229 2348 295 2363 :2
422 2301 580 2367 ENEAS
596 2309 671 2385 post
688 2299 869 2386 Trojanum
891 2302 1023 2378 bellum,
1040 2303 1126 2368 exci-

147 2441 171 2467 0
192 2476 218 2485 „
241 2476 245 2481 ¹
307 2402 315 2405 “
421 2401 512 2465 dium
523 2399 615 2465 urbis
628 2397 846 2464 oumAsoenio
857 2399 1043 2485 diffugiens,
1061 2399 1128 2466 Ita-

208 2508 270 2573 {a
325 2552 373 2585 *a
419 2500 497 2564 liam
517 2498 649 2584 navigio
672 2497 785 2563 adivit.
848 2495 1127 2562 IbioumaLa-

125 2586 180 2668 Ὗ
211 2612 261 2687 ,ἐξ
419 2598 490 2662 tino
521 2618 602 2682 rege
633 2595 810 2660 honorifice
842 2602 993 2679 receptus
1028 2605 1125 2672 esset,

168 2706 208 2783 ‘4
226 2748 234 2782 3
258 2689 275 2767 ‘¹
290 2687 369 2785 {22-
419 2696 537 2761 invidit
554 2695 688 2760 Turnus
703 2715 762 2759 rex
778 2693 992 2769 Rutulorum,
1003 2703 1037 2759 et
1051 2717 1126 2760 cum

16 2817 19 2888 p
276 2802 338 2813 “
418 2795 475 2858 illo
484 2813 680 2879 congressus
691 2801 752 2858 est.
798 2791 1125 2870 Dimicantibusillis‚

16 2895 17 2902 ’
116 2887 288 2970 prevaluit
310 2889 446 2967 AEncas,
470 2900 706 2976 peremptoque
724 2890 850 2966 Turno,
865 2911 1005 2976 regnum
1021 2890 1126 2956 ltaliae

116 2994 148 3050 et
181 2987 359 3052 Lauiniam
392 2990 494 3054 liliam
529 2989 643 3056 Latini
675 2998 726 3054 est
760 2991 909 3073 adeptus.
971 2988 1126 3074 Denique

16 3101 17 3104 ’
116 3105 270 3170 suprema
301 3086 355 3151 die
392 3088 496 3174 ipsius
536 3089 799 3173 superveniente,
831 3087 994 3154 Ascanius
1032 3089 1127 3174 regia

16 3225 17 3232 ι
115 3192 279 3266 potestate
313 3186 520 3263 sublimatus,
560 3187 706 3252 condidit
741 3185 861 3252 Albam
893 3207 993 3270 supra
1028 3185 1126 3250 Tiba-

16 3303 18 3342 ι
115 3283 187 3360 rim,
213 3285 397 3369 genuitque
425 3286 540 3362 filium,
567 3285 620 3350 oui
649 3305 768 3348 nomen
797 3293 870 3349 erat
901 3284 1044 3359 Silvius;
1074 3285 1127 3348 hic

16 3401 17 3426 ι
115 3380 248 3447 furtivas
271 3383 395 3448 Veneri
420 3385 605 3469 indulgens,
631 3382 797 3467 quendam
823 3381 971 3447 Lavinia
995 3390 1129 3465 neptem

16 3485 18 3568 ξ
115 3498 253 3545 uxorem
269 3482 376 3560 duxit,
393 3503 530 3568 eamque
544 3481 624 3548 feeit
647 3489 879 3566 praegnantem.
928 3479 1078 3564 Cumque
1094 3479 1129 3542 id

16 3607 18 3646 l
115 3579 201 3660 patri
230 3578 374 3644 Ascanio
397 3589 603 3665 compertum
627 3588 725 3654 esset,
740 3579 896 3663 precepit
923 3575 1037 3662 Magis
1060 3577 1130 3641 suis

16 3721 17 3745 ι
40 3677 43 3682 ’
115 3677 289 3760 explorare
305 3700 403 3763 quem
419 3700 534 3743 sexum
545 3679 654 3762 puella
664 3676 874 3760 concepisset.
923 3675 1131 3739 Gertitudine

16 3773 17 3798 ,
113 3794 192 3860 argo
209 3778 258 3841 rei
274 3787 454 3862 comperta,
472 3778 627 3842 dixerunt
643 3773 738 3861 Magi
753 3775 860 3859 ipsam
874 3773 1045 3860 gravidam
1061 3793 1132 3836 esse

16 3919 18 3944 ι
114 3893 228 3954 puero,
260 3876 318 3959 qui
345 3884 474 3960 patrem
498 3884 532 3940 et
558 3883 698 3938 matrem
726 3873 949 3936 interficeret:
981 3870 1134 3954 pluribus

114 3991 244 4056 quoque
259 3975 361 4038 terris
385 3974 570 4060 peragratis
590 3973 625 4036 in
647 3971 792 4047 exilium,
809 3970 852 4034 ad
872 3990 1038 4032 summum
1060 3976 1134 4032 tan-

115 4069 189 4134 dem
220 4075 351 4138 culmen
386 4073 521 4139 honoris
556 4071 754 4157 perveniret.
816 4067 888 4133 Nec
914 4069 987 4132 illos
1017 4066 1136 4132 fefellit

16 4187 18 4220 ι
115 4169 305 4235 vaticinium
321 4194 430 4238 suum.
477 4170 566 4236 Nam
590 4179 630 4234 ut
652 4168 722 4234 dios
736 4175 852 4252 partus
867 4165 1014 4240 accessit,
1032 4163 1137 4228 edidit

909 4265 975 4328 1³2
