2848 4888
376 505 530 549 merorum
552 504 624 548 uuo.
647 505 729 548 sarr.
750 506 812 548 urs.
824 504 891 548 vm.
1077 484 1136 544 155

123 649 220 714 intra
231 650 368 715 urbem:
391 658 425 714 et
447 651 569 726 valvas,
595 649 688 734 quasi
707 648 789 712 nihil
803 649 968 723 timentes,
985 647 1137 711 deserue-

120 757 206 812 runt
221 758 364 832 apertas.
410 746 458 811 At
474 747 592 824 Uther,
609 769 684 812 cum
706 748 740 811 id
763 748 823 812 sibi
845 748 986 812 rolatum
1000 746 1136 810 firisset:

118 849 227 933 jussit
239 869 338 932 ocyus
351 846 499 911 obsidere
510 847 684 922 civitatem,
708 868 746 910 ac
760 847 878 910 moenia
888 846 1034 930 undique
1048 846 1137 910 inva-

125 949 219 1011 dere.
267 945 458 1010 Paruernnt
480 946 592 1030 itaque
614 946 710 1020 cives,
732 953 765 1009 et
789 945 905 1008 urbem
928 944 1137 1019 obsederimt,

125 1046 315 1130 moeniaque
351 1045 553 1108 invaserunt.
623 1043 775 1129 Stragem
806 1052 917 1108 autem
955 1043 1139 1108 saxonibus

128 1146 259 1221 danteS,
282 1144 353 1207 fere
374 1143 493 1206 dirutis
516 1142 619 1207 muris
629 1143 769 1228 ingressi
792 1151 889 1207 sunt:
912 1142 975 1206 nisi
992 1141 1139 1207 Saxones

127 1245 172 1309 ad
186 1244 342 1307 ultimum
353 1242 506 1322 resistere
516 1240 732 1324 incoepissent.
779 1239 1036 1305 Praevalentibus
1050 1261 1139 1304 nam·

128 1365 196 1428 que
219 1343 356 1417 civibus,
376 1342 529 1424 piguerat
549 1361 605 1405 eos
626 1340 774 1422 incoepta
796 1339 974 1424 superbiae:
996 1339 1085 1403 unde.
1104 1359 1141 1404 se

129 1443 311 1508 defendere
347 1441 572 1504 instituerunt.
643 1438 845 1503 Scandantes
880 1439 992 1522 itaque
1027 1459 1140 1503 muros

130 1540 329 1604 omnimodis
352 1540 427 1604 telis
455 1538 609 1602 Britones
634 1537 845 1620 repellebant.
891 1536 1044 1621 Denique
1066 1558 1141 1601 cum

130 1639 289 1723 utrinque
301 1638 525 1703 decertarent:
549 1636 738 1721 supervenit
752 1656 828 1711 nox,
845 1657 918 1719 quae
940 1636 1084 1721 singulos
1099 1637 1141 1702 ab

131 1739 234 1802 armis
255 1737 299 1801 ad
326 1737 469 1821 quietem
503 1735 664 1800 invitavit.
727 1733 882 1814 Quietem
913 1735 1142 1801 desiderabant

129 1837 242 1900 multi:
266 1837 374 1920 plures
383 1856 460 1899 vero
473 1835 640 1898 consilium
652 1855 713 1917 quo
725 1832 929 1898 adversarios
940 1855 1015 1899 suos
1026 1836 1142 1920 perde-

133 1944 220 2000 rent.
261 1933 309 1998 At
321 1934 466 1997 Saxones
476 1954 550 1996 cum
560 1932 777 2016 inspexissent
787 1933 971 2015 superbiam
981 1954 1072 1998 suem
1081 1933 1143 1998 sibi

133 2032 294 2107 nocuisse,
306 2030 462 2095 Britones
477 2052 556 2095 vero
565 2030 803 2113 triumphasse:
826 2040 1064 2114 proposuerunt
1073 2053 1143 2097 cum

135 2133 279 2196 diluculo
295 2131 417 2217 egredi,
428 2131 640 2213 inimicosque
655 2149 729 2193 suos
745 2129 788 2192 ad
802 2137 984 2213 campestre
997 2131 1146 2215 pralium

133 2251 324 2316 provocare,
356 2230 445 2314 quod
470 2230 592 2293 factum
616 2236 676 2292 est.
732 2226 820 2292 Nam
839 2237 876 2292 ut
898 2229 984 2294 diem
1007 2231 1144 2315 protulit

138 2329 250 2406 Titan,
276 2329 442 2413 dispositis
465 2327 604 2392 catervis
627 2325 751 2410 egressi
774 2334 860 2402 sunt,
884 2335 921 2391 ut
941 2329 1144 2413 propositum

137 2437 376 2512 exequerentur
392 2449 493 2492 snum.
549 2425 648 2505 Quod
668 2424 815 2489 videntes
838 2424 1003 2504 Britones,
1026 2428 1144 2493 divise-

135 2536 214 2610 runt
243 2527 364 2591 milites
391 2547 465 2590 suos
480 2546 540 2608 per
559 2533 696 2599 turmas,
721 2531 820 2609 atque
832 2525 960 2589 obviam
975 2527 1143 2592 venientes

137 2625 230 2710 prius
244 2625 400 2690 invadere
415 2631 592 2708 coeperunt.
638 2622 813 2687 Resistunt
832 2624 904 2687 ilico
922 2624 1080 2702 Saxones,
1096 2626 1145 2689 in-

138 2724 264 2787 vadunt
281 2723 447 2798 Britones,
464 2730 497 2786 et
510 2729 657 2784 mutuam
674 2720 761 2784 caede
775 2722 951 2807 utrobique
959 2724 1143 2790 conficiunt.

141 2821 314 2886 Postremo
326 2843 401 2884 cum
416 2821 557 2883 multum
572 2819 637 2882 diei
646 2820 876 2903 praeteriisset:
899 2823 997 2887 cessit
1008 2824 1147 2888 victoria

139 2921 209 3006 regi
226 2920 413 2996 Britonum,
429 2918 677 3002 interfectisque
689 2916 775 2983 Octa
786 2927 819 2983 et
835 2918 933 2997 Eosa,
944 2930 1038 3007 terga
1050 2923 1147 2988 dede·

140 3026 218 3083 runt
236 3018 393 3083 Saxones.
442 3015 550 3082 Tanta
575 3017 650 3080 inde
671 3017 786 3082 laetitia
800 3018 885 3101 cepit
899 3040 1020 3105 regom,
1041 3021 1088 3084 ita
1109 3027 1148 3086 ut

141 3137 213 3180 oum
227 3117 321 3201 prius
344 3116 414 3180 sine
424 3115 591 3200 juvamine
605 3115 741 3179 alterius
757 3137 828 3180 sese
843 3117 970 3203 erigere
985 3119 1147 3203 nequiret,

140 3215 203 3280 levi
219 3215 389 3280 conamine
404 3222 543 3289 erectus,
560 3214 683 3277 resedit
697 3213 731 3276 in
753 3214 887 3292 feretro,
904 3218 985 3281 acsi
1007 3219 1148 3284 subitam

143 3315 316 3378 sanitatem
339 3313 526 3397 recepisset.
581 3311 716 3377 Solutus
743 3314 841 3378 ctiam
861 3315 1028 3392 inrisum,
1053 3316 1150 3381 hilari

142 3434 220 3478 voce
250 3413 285 3476 in
315 3412 402 3475 huno
432 3431 615 3475 sermonem
649 3412 819 3494 prorupit:
859 3413 1063 3479 “Vocabunt
1097 3435 1150 3479 me

144 3510 329 3575 Ambrones
348 3511 415 3585 isti,
437 3531 550 3594 regem
574 3510 831 3587 semimortuum,
857 3513 935 3596 quio.
960 3515 1150 3578 infirmitate

143 3619 300 3696 gravatus
309 3609 345 3672 in
356 3608 480 3672 feretro
491 3608 650 3692 jacebam.
691 3608 745 3672 Sic
757 3611 905 3693 equidem
917 3633 1016 3678 eram.
1056 3613 1150 3677 Malo

144 3717 253 3774 tamen
270 3709 501 3772 semimortuus
513 3708 601 3790 ipsos
614 3728 778 3792 superare,
790 3731 888 3793 quam
900 3733 998 3776 sanus
1014 3721 1048 3776 et
1061 3712 1150 3777 inco-

143 3808 236 3871 lumis
253 3806 413 3890 superari,
431 3805 582 3889 sequenti
603 3805 673 3868 vita
696 3807 937 3890 perfuncturus
985 3808 1151 3875 Praestan-

144 3907 207 3970 tius
234 3907 321 3970 enim
344 3913 395 3969 cst
420 3905 505 3968 mori
530 3926 605 3968 cum
630 3905 765 3982 honore,
797 3929 896 3991 quam
923 3931 998 3972 oum
1023 3911 1151 3993 pudore

146 4009 288 4068 nuere.'⁷
