2862 4870
432 467 587 510 mercare
602 467 674 510 auo.
686 466 768 510 snm.
784 467 844 509 nm.
861 461 903 509 ιν.
1131 443 1169 506 67

160 611 354 696 triumphat,
371 610 502 694 injuriis
517 611 569 674 vel
584 609 789 675 contumeliis
798 610 944 674 infestat.
991 606 1069 671 Non
1084 607 1171 671 enim

161 718 213 774 est
237 710 339 774 ullius
364 709 456 772 ducis
479 709 635 773 victoria:
660 709 718 772 sed
737 708 869 773 illorum
895 708 953 793 qui
979 706 1172 792 sanguinem

161 829 259 872 suum
283 830 345 892 pro
372 830 411 872 eo
432 807 608 892 pugnando
635 808 843 872 diffimdunt:
866 817 977 872 tamen
995 804 1171 891 paeificabo

160 907 253 970 illum
269 907 297 970 si
313 916 441 990 potero,
463 906 541 988 quia
560 905 683 988 injuria
697 927 797 990 quam
818 906 899 969 mihi
914 906 1027 970 intulit
1041 903 1121 968 satis
1136 902 1171 965 in

161 1006 252 1068 illum
263 1005 431 1068 vindicata
446 1011 506 1078 est,
529 1024 603 1068 cum
618 1003 874 1068 misericordiam
889 1025 992 1068 meam
1007 1000 1170 1084 imploret.

183 1263 198 1344 ξ
221 1264 269 1324 10.
291 1280 478 1322 mnnoeuus
500 1279 619 1323 emersu
638 1279 677 1323 ur
699 1281 803 1323 PACEM
823 1281 889 1324 ouu
903 1275 1153 1322 cussrsnnmuuo

516 1373 626 1415 naemu
647 1373 829 1416 Pnnsuanm.

181 1516 253 1577 „gr-
265 1518 381 1577 :aaz
393 1514 432 1578 pa
472 1484 563 1551 OST
600 1487 669 1550 haec
702 1485 873 1552 festinavit
903 1484 1102 1568 Androgeus
1131 1479 1174 1544 ad

178 1575 310 1621 *¹4
336 1570 427 1717 ils}
472 1584 607 1660 Julium,
623 1586 855 1669 amplexusque
877 1584 948 1667 ejus
962 1603 1080 1666 genua,
1102 1600 1173 1644 enm

197 1676 231 1725 '¹¹
255 1672 275 1695 Ξ
306 1690 423 1783 „²³:252
469 1683 505 1745 in
518 1684 606 1746 hunc
619 1684 780 1748 allocutus
796 1691 847 1748 est
862 1702 1066 1747 sermonem:
1089 1676 1176 1744 ane

178 1766 228 1875 ,³¹3
249 1783 313 1869 ἐξ
335 1769 413 1861 ἕ
472 1782 551 1845 satis
574 1782 745 1846 vindicasti
771 1791 805 1846 te
824 1782 860 1844 in
882 1780 1173 1844 Oassibellaunum.

190 1874 208 1935 α’
228 1866 316 1973 “29
340 1882 373 1931 ’Ψ
407 1868 433 1937 ἕξ(
474 1878 738 1944 Misericordiam
774 1880 809 1943 in
839 1880 931 1944 illum
959 1880 1062 1943 habe:
1096 1875 1176 1960 quid

54 2053 60 2064 Ι
176 1987 199 2017 a
212 1992 248 2017 ν’
278 1994 291 1997 ”
313 1968 372 2020 at·
386 1986 420 2019 <s
472 1979 611 2061 amplius
626 1980 789 2065 agendum
804 1988 864 2054 est,
885 1979 950 2043 nisi
964 1986 1003 2042 ut
1023 1976 1176 2060 subjecti-

163 2099 261 2141 onem
294 2075 431 2152 faciens,
461 2078 603 2162 vectigal
631 2077 790 2142 Romanae
820 2078 974 2164 dignitati
1002 2073 1143 2140 reddat?
1156 2079 1174 2104 ''

165 2175 318 2260 Cumque
338 2175 421 2238 nihil
440 2177 663 2259 respondisset
688 2177 810 2252 Oaesar,
827 2177 874 2241 ait
899 2177 1020 2240 iterum
1046 2172 1176 2237 Andro-

162 2295 265 2360 geus:
292 2271 403 2336 “Hoc
420 2275 524 2337 solnm
540 2284 656 2359 paetus
672 2297 745 2340 sum
759 2276 830 2350 tibi,
859 2275 981 2350 Casan,
1006 2282 1044 2338 ut
1059 2272 1177 2338 solum-

163 2373 258 2436 modo
279 2372 444 2436 submisso
462 2372 707 2437 Cassibellauno
724 2374 930 2437 Britanniam
955 2373 1017 2437 tibi
1038 2373 1178 2437 subdere

162 2472 359 2534 laborarem.
407 2470 493 2535 Ecce
522 2471 628 2536 vietus
658 2481 709 2536 est
748 2471 1022 2546 cassibellaunus,
1054 2479 1088 2535 et
1116 2471 1178 2534 tibi

164 2569 341 2633 Britannia
356 2589 428 2632 meo
439 2569 570 2633 subdita
584 2570 715 2635 auxilio.
763 2569 854 2650 Quid
869 2571 957 2634 ultra
971 2569 1032 2633 tibi
1047 2569 1149 2631 debeo
1161 2566 1196 2656 l*

163 2669 247 2732 nolit
263 2675 395 2731 creator
411 2669 565 2744 omnium,
578 2679 617 2733 nt
627 2670 792 2734 dominum
802 2691 912 2733 meum
922 2668 1179 2733 misericordiam

164 2789 272 2831 meam
287 2777 448 2842 orantem,
465 2776 657 2851 rectumque
672 2769 712 2832 de
727 2769 818 2833 illata
832 2765 954 2852 injuria
969 2767 1049 2832 mihi
1059 2768 1179 2832 facien-

164 2873 243 2942 tem,
259 2866 369 2948 patiar
393 2887 537 2949 unquam
560 2889 689 2930 earcere
704 2868 756 2931 vel
776 2867 913 2931 vinculis
928 2866 1054 2930 vinciri.
1101 2865 1179 2931 Non

164 2965 237 3030 leve
268 2973 320 3029 est
352 2965 537 3029 interficere
563 2965 846 3030 Cassibellaunum
874 2986 928 3028 me
957 2965 1097 3041 vivente,
1125 2966 1179 3030 oui

165 3064 327 3126 auxilium
354 3085 461 3127 meum
486 3065 624 3128 reddere
649 3085 715 3128 non
743 3065 942 3139 erubescam,
958 3064 1022 3126 nisi
1045 3065 1179 3131 oonsilio

166 3184 238 3226 meo
250 3163 436 3246 parueris.''
462 3161 595 3226 Timore
607 3184 685 3248 ergo
697 3162 866 3247 Androgei
877 3163 1046 3247 mitigatus
1060 3164 1178 3240 Julius,

165 3262 255 3345 capit
265 3282 286 3323 a
303 3259 550 3324 cassibellauno
559 3261 779 3336 concordiam,
791 3282 865 3323 cum
879 3261 1030 3346 vectigali
1043 3264 1179 3347 singulis

166 3359 263 3422 annis
284 3357 463 3422 reddendo.
510 3357 594 3422 Erat
608 3367 719 3423 autem
734 3359 874 3443 vectigal
894 3361 980 3442 quod
996 3363 1179 3444 spopondit,

166 3457 235 3519 tria
243 3456 334 3518 milia
344 3456 505 3519 librarum
517 3457 655 3541 argenti.
696 3456 784 3520 Exin
795 3457 890 3520 amici
905 3456 984 3520 facti
999 3459 1180 3523 adinvicem

168 3554 280 3618 Julius
296 3562 329 3617 et
348 3553 621 3629 CassibellaunuS,
641 3564 822 3639 mutuaque
838 3554 973 3619 donaria
987 3556 1070 3620 alter
1085 3557 1180 3620 alteri

168 3652 342 3715 dederunt.
391 3650 523 3716 Deinde
544 3653 707 3737 hyemavit
735 3653 846 3716 Oaesar
871 3653 904 3715 in
932 3653 1123 3718 Britannia:
1147 3664 1181 3719 et

166 3751 329 3814 redeunte
356 3770 433 3813 vere
457 3750 492 3812 in
523 3750 665 3814 Galliam
694 3752 931 3816 transfretavit.
980 3753 1182 3817 Succedente

166 3849 380 3931 postmodum
395 3856 551 3932 tempore,
580 3850 723 3914 collectis
742 3851 887 3933 undique
902 3871 942 3913 ex
958 3852 1046 3913 omni
1060 3873 1181 3935 genere

168 3947 340 4022 militibus,
358 3946 499 4011 Romam
514 3957 629 4012 contra
644 3947 832 4032 Pompeium
847 3949 1001 4031 perrexit.

991 4256 1053 4315 n2
