2872 4876
236 505 239 514 .
306 466 367 526 210
616 488 727 531 canna.
750 487 992 532 nonannnnnms

188 667 192 674 ·
303 626 361 691 ubi
377 627 540 695 Brocmail
556 633 669 697 consul
683 632 774 697 urbis
786 633 963 698 adventum
974 652 1089 696 eorum
1100 631 1300 715 expectabat.

1422 637 1424 724 i

303 725 471 793 Venerant
491 737 602 794 autem
622 731 664 794 ad
679 732 816 795 eandem
835 732 1000 796 civitatem
1020 752 1061 795 cx
1077 730 1214 796 diversis
1229 728 1302 792 Bri·
1422 807 1424 814 A

302 833 418 892 tonum
432 830 608 912 provinciis
623 831 876 895 innumerabiles
890 830 1039 894 monachi
1052 837 1086 894 et
1101 831 1254 904 eremitae,
1269 834 1302 892 et

301 927 443 991 maxime
464 927 505 991 de
526 929 658 994 civitate
681 929 825 1015 Bangor,
849 939 887 994 ut
908 951 969 1014 pro
990 931 1095 996 salute
1118 928 1230 1013 populi
1252 926 1302 991 sni

303 1034 446 1090 orarent.
494 1027 648 1092 Collectin
667 1030 770 1114 igitur
790 1029 936 1113 undique
956 1028 1165 1104 exercitibuS,
1190 1027 1300 1091 Ethel-

301 1120 409 1187 fiidns
438 1146 498 1189 rex
528 1124 896 1192 Northanhumbrorum
924 1127 1073 1211 praelium
1101 1126 1198 1190 inivit
1231 1147 1301 1189 cum

302 1217 487 1289 Brocmail:
511 1227 568 1310 qui
592 1226 738 1310 pauciori
758 1246 894 1290 numero
913 1224 1055 1288 militum
1069 1225 1238 1299 resistenS,
1261 1223 1300 1286 ad

205 1393 206 1400 ἵ
301 1319 453 1385 ultimum
467 1325 582 1389 relicta
592 1325 733 1401 civitate,
748 1325 805 1388 sed
819 1326 911 1408 prius
923 1324 1065 1388 maxima
1079 1332 1191 1408 strage
1201 1320 1301 1386 hosti-

301 1417 363 1482 bus
379 1420 478 1498 illata‚
495 1423 634 1510 diffugit.
681 1423 729 1487 At
745 1423 951 1487 Ethelfridus
962 1422 1094 1486 civitate
1109 1431 1215 1505 capta,
1231 1441 1300 1484 cum

300 1516 1300 1607 intellexissetcausamadventuspraedictorummcnachcrum,

298 1616 400 1698 jussit
420 1622 454 1684 in
477 1644 533 1686 eos
558 1623 701 1706 primum
723 1643 815 1685 arma
829 1622 924 1697 verti,
949 1629 983 1685 et
998 1621 1044 1685 sic
1058 1620 1146 1684 mille
1169 1619 1300 1684 ducenti

301 1735 415 1780 eorum
438 1719 472 1782 in
498 1721 571 1805 ipsa
597 1721 649 1785 dic
674 1721 832 1805 martyrio
859 1719 1013 1795 decorati,
1044 1719 1139 1804 regni
1163 1719 1299 1782 caelestis

301 1815 411 1899 adepti
427 1827 504 1883 sunt
524 1820 643 1884 sedem.
690 1819 821 1883 Deinde
841 1841 915 1883 cum
934 1818 1111 1902 pradictus
1135 1817 1300 1882 Saxonum

299 1919 459 1998 tyrannus
475 1917 758 2004 Bangcrncnsium
772 1918 889 1982 urbem
904 1925 1049 2001 peteret:
1072 1917 1187 1980 audita
1201 1917 1300 2000 ipsius

300 2011 435 2091 insania,
456 2027 617 2082 venerunt
631 2018 777 2100 undique
792 2017 922 2081 obviam
936 2016 984 2080 illi
1000 2016 1098 2079 duces
1114 2015 1299 2090 Britonum‚

301 2110 492 2179 Bledenicus
514 2116 665 2180 videlicet
686 2116 752 2179 dux
770 2115 956 2190 Ocrnnbiae,
980 2122 1014 2178 et
1030 2113 1223 2198 Margadud
1244 2135 1300 2177 rex

301 2209 528 2290 Demetorum,
540 2214 717 2279 Oaduanus
727 2213 992 2278 Vcnedotcrum:
1015 2221 1049 2276 et
1059 2221 1211 2277 conserto
1220 2235 1300 2297 prae-

299 2311 354 2388 lic,
373 2314 480 2397 ipsum
501 2313 707 2378 vulneratam
731 2313 765 2375 in
789 2312 903 2398 fugam
926 2312 1164 2396 propulerunt:
1189 2312 1247 2375 sed
1269 2318 1301 2374 et

299 2418 428 2476 tantum
448 2434 621 2478 numerum
641 2411 805 2482 exercitus
820 2410 892 2494 ejus
906 2417 1126 2494 peremerunt,
1151 2409 1200 2474 ita
1216 2410 1301 2494 quod

299 2510 411 2575 decem
424 2512 514 2576 milia
529 2512 669 2588 circiter,
691 2520 725 2575 et
740 2511 911 2596 sexaginta
931 2531 988 2574 sex
1009 2516 1215 2574 corruerunt.
1262 2509 1300 2572 In

298 2619 392 2694 parte
408 2611 506 2676 etiam
517 2611 692 2677 Britonum
704 2611 821 2675 cecidit
833 2609 1024 2673 Bledericus
1034 2610 1101 2673 dux
1113 2608 1297 2686 Oornubiae,

297 2710 522 2797 quidducatum
540 2711 574 2775 in
589 2711 712 2775 eisdem
726 2709 847 2794 praeliis
861 2708 1050 2793 praestabat.
