2872 4876
357 407 512 466 narrari.
536 404 727 469 ulmorum
749 417 821 470 nra.
847 420 900 473 111.
1088 404 1129 476 11

406 655 572 729 LIBER
600 651 844 733 TERTIUS.

135 919 159 925 ,
184 910 341 961 (ἦ,
364 950 371 963 A
413 863 512 937 XIN
524 864 594 938 duo
605 865 672 938 filii
687 865 775 956 ejus,
792 867 939 942 Belinus
954 870 1130 963 videlicet,

136 968 217 1045 ’ἐ
289 948 368 1042 Γ
412 970 556 1036 austera
570 964 669 1053 facie,
690 973 728 1038 et
740 967 927 1054 supercilio
941 969 1056 1044 altero
1071 973 1130 1046 de-

139 1058 169 1163 ¹..
281 1061 296 1111 *²2
322 1065 367 1153 k?
411 1063 530 1151 misso,
553 1064 776 1153 etBrennus‚
798 1066 836 1138 in
851 1091 999 1154 regnum
1012 1095 1130 1145 succe—

227 1220 247 1246 Ξ
354 1206 365 1249 z,
410 1163 494 1236 dere
514 1165 683 1253 volentes,
705 1166 863 1238 maxima
881 1168 1028 1242 contriti
1044 1179 1129 1245 sunt

147 1302 207 1333 Ξ
328 1288 356 1355 Ξ
412 1263 605 1336 discordia:
628 1264 888 1338 contendebant
913 1267 1008 1339 enim
1033 1271 1129 1355 quis

127 1357 144 1387 ·.
182 1358 377 1420 ΞΞΞΞ-
412 1385 479 1448 que
495 1385 627 1451 eorum,
646 1361 1129 1456 urdiadematereaniinsis·

1 1477 2 1526 r
117 1461 270 1548 iniretur,
296 1485 387 1548 saepe
399 1483 499 1532 arma
509 1458 757 1550 deposuerunt,
770 1462 981 1536 consiliariis
990 1465 1129 1538 demul-

1 1639 2 1650 χ
117 1562 301 1634 centibus:
332 1565 548 1633 censuerunt
574 1559 671 1632 enim
698 1583 846 1649 regnum
875 1561 971 1636 inter
1000 1589 1058 1638 eos
1084 1587 1128 1638 ea

118 1661 319 1734 conditione
344 1657 570 1732 dividendum
592 1683 690 1747 esse3
723 1667 766 1732 ut
787 1660 934 1733 Batinus
964 1661 1126 1736 dimano

1 1838 2 1848 χ
116 1761 245 1832 insulae
270 1785 351 1833 cum
379 1757 539 1846 Loegria
566 1765 672 1845 atque
696 1754 873 1848 Oambria
904 1780 968 1833 nec
993 1781 1064 1834 nou
1089 1771 1127 1836 et

117 1858 299 1932 Cornubia
312 1858 520 1946 possideret.
546 1855 639 1930 Erat
649 1858 744 1930 enim
753 1859 1019 1950 primogenitus,
1030 1870 1127 1948 pete-

116 1961 250 2046 batque
263 1957 420 2046 Troiana
435 1950 661 2045 consuetudo,
676 1964 719 2029 ut
738 1957 893 2046 dignitas
915 1956 1126 2034 hereditatis

1 2107 2 2136 ss
116 2058 150 2130 ei
164 2057 379 2144 proveniret.
426 2057 480 2128 At
492 2056 666 2143 Brennus,
689 2057 855 2142 quoniam
862 2057 985 2144 junior
996 2059 1124 2148 iuerat,

1 2161 2 2239 ζ
114 2157 223 2230 fratri
235 2156 399 2229 subditus
413 2155 710 2228 Nerthumbriam
722 2158 767 2228 ab
779 2156 946 2229 Humbro
955 2182 1067 2244 usque
1079 2159 1124 2231 ad

116 2257 347 2330 Oatanesiam
363 2257 511 2342 adeptus
532 2260 598 2328 est.
642 2254 863 2328 Oonfirrnato
884 2255 996 2343 igitur
1018 2280 1125 2344 super

1 2395 2 2410 κ
113 2357 173 2429 his
200 2356 423 2443 pactionibus
449 2353 588 2443 foedere,
607 2362 855 2427 tractaverunt
876 2355 1031 2441 patriam
1060 2381 1124 2443 per

115 2454 396 2542 quinquennium
411 2479 491 2527 oum
506 2475 591 2540 pace
607 2460 644 2526 et
654 2454 810 2541 justitia.
856 2453 926 2527 Sed
948 2456 1031 2542 quia
1052 2457 1124 2529 dis-

115 2553 235 2627 cordia
259 2579 335 2626 sese
349 2553 528 2640 prosperis
544 2556 650 2626 rebus
671 2553 819 2626 miscere
841 2562 998 2642 conatur,
1015 2557 1124 2628 affue—

1 2669 3 2759 ζ
114 2662 203 2726 runt
229 2653 373 2740 quidam
399 2652 630 2726 fabricatores
659 2652 834 2725 mendacii
855 2652 917 2738 qui
940 2653 1122 2726 Brennum

1 2760 2 2780 ¹
115 2760 352 2841 accesserunt,
364 2752 531 2839 dieentes,
544 2777 625 2823 eum
635 2776 712 2824 esse
723 2752 904 2824 subditum
914 2752 1029 2840 fratri,
1042 2779 1123 2824 cum

114 2860 237 2925 tamen
253 2851 440 2939 disciplina
460 2851 612 2923 militari
638 2857 733 2923 esset
755 2849 915 2938 insignis,
938 2851 999 2937 qui
1013 2852 1121 2924 toties

1 3005 2 3030 i
115 2951 282 3025 Oeulfum
300 2949 424 3023 ducem
447 2950 669 3023 Morinorum
688 2950 912 3038 profligasset
927 2973 971 3022 ex
982 2951 1124 3038 provin-

114 3052 169 3124 cia
185 3076 260 3123 sua.
306 3048 357 3122 Te
373 3049 562 3122 defendens
577 3074 702 3136 rumpe
724 3050 848 3137 foedus,
871 3056 909 3121 et
928 3049 996 3122 duc
1011 3050 1122 3122 filiam

115 3149 271 3236 Elsingii
306 3149 400 3236 regis
441 3149 748 3236 Norvegiensium
776 3156 820 3220 ut
845 3148 957 3234 ipsius
988 3150 1121 3222 auxilio

1 3275 2 3280 ¹
114 3249 284 3321 amissam
311 3248 521 3336 dignitatem
545 3271 740 3334 recuperes.
787 3246 888 3334 Quod
910 3247 1044 3319 factum
1061 3273 1122 3320 au-

114 3348 215 3420 diens
229 3347 376 3418 Belinus
388 3347 511 3434 frater⁷
526 3347 662 3432 primus
672 3346 801 3433 petivit
813 3346 1121 3434 Northumbriam

115 3447 277 3532 cepitque
305 3446 575 3532 provincialium
602 3446 776 3534 civitates,
799 3469 887 3530 quas
914 3445 1120 3517 custodibus

1 3540 2 3552 ¹
116 3546 189 3618 suis
213 3545 376 3617 munivit.
423 3545 536 3618 Porro
566 3545 729 3616 Brennus
756 3570 797 3617 co
823 3543 954 3631 audito,
978 3541 1121 3615 adducit

115 3669 236 3718 secum
270 3669 417 3732 magnas
445 3645 562 3732 copias
590 3643 896 3731 Norvegiensium
926 3649 1120 3729 parataque

1 3826 3 3835 y
116 3745 227 3817 classe
239 3743 347 3816 rediit
356 3744 395 3816 in
405 3744 640 3832 Britanniam,
651 3767 799 3828 eumque
811 3767 950 3828 aequora
963 3742 1120 3813 securius

117 3851 152 3915 et
176 3868 345 3930 prospero
367 3851 473 3916 vento
500 3844 664 3930 sulcaret,
688 3841 844 3914 obviavit
866 3841 899 3912 ei
920 3839 1120 3915 Guthlacus

116 3965 180 4014 rex
196 3942 385 4031 Dacorum,
396 3944 457 4029 qui
472 3943 542 4029 ipsi
555 3942 746 4014 insidiatus
762 3941 890 4027 fuerat,
906 3947 1121 4012 aestuaverat

1 4047 2 4084 ³
116 4065 267 4128 namque
277 4067 395 4115 amore
404 4044 542 4131 puellae,
555 4067 660 4130 quam
672 4041 836 4115 Brennus
845 4040 997 4113 duxerat
1004 4040 1120 4128 ;unde
