2862 4870
395 464 553 508 nrsronrn
573 465 648 510 ero.
669 467 752 511 serr.
774 467 835 512 urs.
858 465 879 511 1.
1119 451 1138 510 9

134 643 196 696 sus,
208 622 413 688 obsidionem
423 623 554 706 jussum
567 624 632 689 iter
646 624 796 709 arripuit.
844 623 994 708 Cumque
1004 622 1138 688 tandem

132 743 229 805 prope
244 730 354 786 eastra
378 723 555 798 incederet,
572 731 749 788 oeourrunt
771 722 916 806 undique
930 721 1056 808 vigiles,
1080 723 1138 808 qui

131 821 239 886 abdita
249 823 397 886 locorum
412 822 646 906 explorabant:
669 831 886 907 quaeruntque
894 822 966 906 ejus
977 821 1138 887 adventus

132 939 260 984 eausam
274 943 281 984 :
305 928 339 984 et
350 927 465 984 utrum
479 920 522 983 ad
536 919 740 1004 prodendum
752 919 931 985 exereitum
941 919 1136 986 advenisset.

132 1017 261 1096 Quibus
276 1017 332 1081 ille
346 1018 514 1103 ingentem
536 1016 683 1082 letitiam
709 1019 876 1094 simulans,
892 1018 927 1082 in
948 1019 1017 1083 hae
1037 1018 1139 1083 verba

130 1115 300 1200 respondit
314 1139 322 1180 :
348 1123 368 1151 “
382 1113 460 1180 Non
475 1115 627 1200 equidem
641 1117 749 1202 gentis
763 1137 843 1181 mea
866 1115 1016 1200 proditor
1030 1116 1137 1192 venio,

131 1214 187 1278 sed
201 1234 369 1278 carcerem
386 1213 605 1296 Trojanorum
614 1214 755 1279 evadens
766 1214 875 1279 advos
885 1214 1031 1300 diffingio,
1042 1234 1140 1278 orans

131 1322 169 1377 ut
189 1335 321 1376 meeum
343 1314 387 1378 ad
411 1322 562 1377 nostrum
586 1312 792 1400 Antigonum
815 1313 953 1378 veniatis
977 1334 1076 1399 quem
1098 1334 1139 1376 ex

130 1411 269 1476 vinculis
285 1411 385 1475 Bruti
400 1410 515 1496 eripui.
562 1410 660 1475 Illum
684 1412 817 1496 quidem
841 1411 987 1496 pondere
1012 1431 1139 1495 compe-

133 1509 209 1573 dum
225 1510 396 1574 detentum
411 1511 508 1594 paulo
523 1517 600 1575 ante
614 1510 649 1574 in
663 1511 756 1574 exitu
770 1511 912 1575 nemoris
934 1510 1021 1576 inter
1042 1510 1140 1574 fruti-

132 1629 183 1672 ees
211 1608 349 1673 delitere
367 1609 475 1692 jussi:
507 1608 609 1672 donee
632 1608 760 1692 aliquos
785 1609 975 1684 invenirem,
1000 1629 1083 1694 quos
1097 1609 1141 1672 ad

133 1729 207 1771 eum
221 1708 429 1772 liberandum
451 1708 638 1772 ducerem.'’
684 1705 924 1772 Dubitantibus
950 1716 1061 1772 autem
1075 1708 1140 1772 illis

132 1815 245 1871 utrum
269 1829 385 1872 verum
401 1807 534 1882 diceret,
555 1806 745 1891 supervenit
765 1827 862 1882 unus,
878 1807 936 1892 qui
951 1828 1026 1871 eum
1040 1829 1140 1893 agno-

133 1915 236 1982 verat,
253 1914 288 1970 et
314 1907 455 1971 salutato
480 1907 563 1990 ipso,
579 1905 735 1970 indicavit
750 1905 846 1970 sooiis
861 1907 935 1991 quie
950 1915 1048 1973 esset.
1093 1905 1141 1972 At

134 2006 180 2070 illi
193 2007 276 2071 nihil
290 2007 488 2082 haesitantes,
511 2016 648 2082 eeteros,
665 2006 722 2090 qui
736 2007 883 2083 aberant,
900 2007 990 2072 ocius
1005 2005 1142 2071 advoca-

10 2169 11 2190 ,
134 2115 272 2172 verunt:
296 2115 331 2170 et
345 2107 449 2172 secuti
464 2113 542 2170 sunt
553 2126 629 2170 eum
644 2127 749 2190 usque
764 2107 807 2170 ad
829 2106 951 2183 silvam,
968 2127 1034 2192 qua
1044 2104 1142 2170 Anti-

134 2225 256 2288 gonum
266 2204 402 2269 delitare
416 2204 622 2289 predixerat.
670 2202 740 2268 Illis
752 2203 893 2290 denique
906 2205 994 2268 inter
1004 2204 1142 2268 frutices

134 2302 431 2388 progredientibus,
448 2302 587 2387 emergit
610 2301 738 2368 Brutus
753 2324 827 2366 oum
842 2304 978 2368 armatis
1000 2303 1141 2368 catervis

135 2411 168 2466 et
181 2403 308 2487 impetu
317 2401 405 2466 facto
420 2403 455 2465 in
463 2402 552 2485 ipsos
568 2401 658 2466 ocius
667 2403 862 2487 perterritos
875 2403 1041 2468 dirIssima
1054 2403 1142 2467 eaede

135 2501 252 2566 affecit.
300 2499 432 2566 Deinde
445 2499 613 2585 profertus
629 2507 679 2565 est
694 2501 736 2565 ad
758 2502 970 2578 obsidionem,
983 2510 1017 2566 et
1032 2500 1144 2565 divisit

137 2601 239 2666 sooios
263 2621 341 2664 suos
360 2621 419 2684 per
442 2608 511 2664 tres
535 2607 673 2676 turmas,
700 2603 920 2687 precepitque
945 2611 984 2666 ut
1007 2601 1143 2686 singulae

137 2701 282 2785 singulas
306 2709 417 2785 partes
446 2707 630 2764 castrorum
660 2701 823 2784 sapienter
847 2710 881 2765 et
904 2700 974 2766 sine
999 2702 1144 2766 tumultu

137 2801 286 2865 adirent:
309 2820 369 2862 nee
380 2798 575 2862 intromissae
584 2799 704 2863 eaedem
718 2798 814 2864 alioui
829 2800 1028 2886 ingererent,
1041 2801 1144 2864 donee

136 2900 206 2983 ipse
217 2919 293 2962 eum
305 2919 365 2960 sua
375 2897 509 2961 oohorte
518 2897 607 2982 regis
616 2898 759 2964 tentorio
766 2899 903 2982 potitus,
918 2900 1038 2964 lituum
1048 2920 1144 2964 suum

137 2997 171 3060 in
187 2997 318 3082 signum
333 2995 412 3079 ipsis
429 3003 571 3059 sonaret.

311 3253 326 3334 q
349 3255 377 3316 9.
394 3271 520 3342 *neurus
542 3271 731 3330 pennensem
752 3273 852 3316 vrvun
874 3275 974 3318 onem.

167 3756 278 3876 ⁹³20
322 3766 347 3823 r‘
382 3771 406 3844 i
441 3780 570 3846 Brutus
599 3782 647 3847 eis
678 3784 758 3849 dare
792 3807 858 3850 non
889 3787 1027 3876 distulit,
1056 3800 1147 3875 post-

189 3902 209 3921 *
250 3904 281 3913 ·-
308 3886 348 3924 a.-
361 3892 383 3925 ⁴⁸
441 3901 540 3964 quam
561 3881 653 3945 stetit
676 3891 753 3949 ante
774 3883 936 3952 Pandrasi
957 3889 1147 3968 tentorium,

142 3978 232 4062 quod
266 3998 365 4060 super
400 3979 509 4042 omnia
538 3982 698 4046 aestuabat
731 3985 877 4068 aggredi.
913 3987 1007 4066 Quo
1036 3990 1150 4056 audito

142 4097 237 4140 enses
261 4070 351 4140 ocius
378 4079 563 4162 evaginant,
581 4080 699 4143 cubilia
711 4082 892 4164 sopitorum
906 4085 1147 4171 ingrediuntur,

143 4175 291 4240 letiferos
306 4175 390 4240 ictus
406 4176 630 4262 ingeminant:
653 4186 687 4244 et
711 4181 833 4246 nullam
856 4184 1008 4267 pietatem
1028 4187 1149 4252 haben·
