2872 4876
315 397 361 472 28
645 413 798 470 rounior
821 413 1004 468 vmunuu

315 589 479 658 prooeros
498 565 695 642 Britanniae
717 567 756 640 in
776 569 903 642 urbem
919 565 1179 640 Trinovontnm
1200 590 1332 642 eonve-

315 669 393 744 nire
414 693 495 742 oum
509 668 682 741 uxoribus
698 666 774 740 suis
789 674 963 754 oportere,
983 666 1195 754 debitasque
1211 666 1334 740 solen-

315 768 450 843 nitates
470 791 569 842 more
587 766 815 854 antiquorum
832 766 962 854 patriis
980 765 1050 839 diis
1067 766 1331 853 celebraturos,

315 867 377 955 qui
388 867 431 941 de
439 866 772 953 tontoImperetore
785 865 1045 939 sibivietorinnr
1054 864 1331 938 concessissent

317 967 477 1053 Cumque
486 989 608 1040 omnes
618 963 818 1053 postposita
826 989 926 1037 moro
935 963 1173 1052 advenissent,
1183 964 1333 1037 diversa

316 1063 492 1140 sacrificio
509 1063 692 1151 fodientes,
711 1062 878 1136 occisioni
896 1060 1071 1150 pecudum
1084 1061 1332 1151 indulserunt,

315 1163 538 1250 Eturnntquo
552 1162 603 1238 ibi
617 1161 781 1238 undeoirn
795 1161 897 1236 milio
910 1185 1107 1249 noseorum,
1126 1166 1164 1234 et
1179 1167 1331 1234 centnm

315 1262 418 1336 milio
431 1262 562 1349 ovium,
576 1259 868 1348 diversorumque
878 1279 1046 1350 generum
1060 1261 1235 1350 volatilia,
1247 1285 1330 1349 quse

315 1361 444 1436 leviter
453 1361 521 1434 sub
530 1381 677 1434 numero
686 1359 949 1434 nouosdebont.
966 1358 1147 1434 Praeteree
1156 1379 1255 1432 xxx.
1260 1359 1332 1432 mi-

316 1457 757 1534 liosilrestriumferurum
763 1457 1330 1546 ouiusqnegeneriseolleotsrum.

316 1559 407 1634 Mox
425 1577 507 1634 oum
520 1553 590 1632 diis
604 1556 681 1632 suis
699 1555 851 1632 honores
865 1557 1108 1646 perfecissent,
1127 1557 1329 1631 oombnstis

314 1657 439 1746 nonde,
456 1655 607 1745 pedibus
627 1663 667 1730 et
687 1657 815 1746 eapite,
830 1656 980 1745 objootis
994 1656 1177 1731 intestinis
1199 1665 1330 1744 posteo

314 1757 517 1831 refecerunt
545 1777 584 1830 se
619 1755 959 1845 superstruemus,
991 1761 1035 1829 ut
1063 1755 1103 1830 in
1139 1756 1330 1831 soorifioiis

316 1856 396 1930 fieri
417 1877 496 1932 mos
524 1861 613 1930 oret
659 1852 795 1930 Deinde
818 1855 969 1930 divorsis
982 1854 1078 1928 ludis
1100 1854 1329 1944 incumbunt,

316 1952 474 2030 seddum
485 1953 651 2028 luderent
658 1954 834 2042 oontingit
842 1954 995 2042 inclytos
1000 1954 1162 2042 juvenes,
1172 1979 1329 2040 quorum

315 2077 409 2127 unus
426 2073 535 2142 nepos
553 2061 632 2130 eret
647 2053 752 2142 rogis,
779 2053 873 2127 riter
888 2077 973 2128 vero
1001 2052 1182 2140 Androgei
1212 2052 1328 2143 dunis,

315 2153 453 2242 periton
473 2152 511 2226 in
533 2151 703 2240 pulaestro
727 2152 946 2240 oontendere‚
969 2158 1007 2225 et
1031 2154 1076 2225 ob
1090 2152 1239 2226 dubium
1253 2153 1329 2228 vio-

315 2252 447 2326 toriom
456 2251 597 2340 litigare
607 2275 615 2324 :
625 2258 841 2326 eretnomen
851 2250 990 2340 nopotis
1001 2251 1095 2339 regis
1107 2251 1259 2340 Irelgas,
1276 2253 1329 2326 al-

316 2352 431 2425 terius
449 2373 533 2424 voro
553 2349 733 2439 Ouolinns,
754 2351 816 2437 qui
834 2357 878 2423 ut
895 2356 1023 2424 mutue
1048 2350 1205 2424 eonvioie
1234 2353 1328 2426 invi-

316 2448 789 2537 eemoontulissentornipuit
799 2448 969 2524 Ouelinus
978 2448 1146 2538 gladium,
1155 2456 1194 2522 et
1201 2451 1327 2538 nepoti

316 2547 412 2638 regis
432 2555 540 2635 ooput
568 2548 787 2635 amputavit:
808 2571 877 2635 quo
907 2547 1095 2622 interfecto
1112 2552 1327 2636 perturbata

316 2647 497 2737 osteario,
517 2653 556 2722 et
569 2671 692 2720 rumor·
710 2648 757 2722 od
773 2647 1085 2722 Gessibellounum
1099 2647 1246 2737 volavit,
1262 2655 1326 2736 qni

313 2755 522 2836 oonrmotus,
534 2747 723 2836 Androgeo
735 2747 913 2835 precepit,
927 2753 971 2820 ut
983 2746 1328 2822 Guelinnminouri-

316 2869 375 2920 onr
384 2869 503 2920 eoram
511 2847 979 2935 prosenuasueadduoeret,
991 2846 1325 2934 sententiamqnnm

314 2967 477 3032 proceres
486 2945 664 3020 dictarent
677 2946 895 3035 subiturum,
904 2953 1026 3020 utnon
1034 2946 1172 3020 inultus
1181 2947 1325 3036 Irelgas

316 3043 418 3132 foret,
435 3044 466 3116 si
480 3044 616 3132 injuste
630 3045 840 3119 interfectus
855 3045 993 3119 iirisset.
1037 3046 1200 3133 Cumque
1208 3048 1254 3120 de
1263 3073 1326 3122 on·

315 3141 388 3215 imo
403 3141 496 3229 regis
511 3143 713 3218 dubitasset
727 3143 947 3232 Androgeus,
966 3144 1155 3231 respondet
1170 3170 1249 3220 sese
1264 3172 1325 3220 eu-

315 3239 408 3313 nium
421 3263 522 3314 suom
536 3240 677 3331 hebere,
692 3250 731 3316 et
741 3242 779 3316 in
793 3241 859 3316 illo
868 3243 1009 3316 definiri
1019 3244 1145 3320 debere
1154 3245 1324 3333 quiequid

316 3338 447 3426 aliquis
461 3339 499 3412 in
514 3339 675 3414 homines
692 3366 774 3415 suos
789 3343 988 3430 clamasset,
1004 3367 1113 3429 quere
1129 3343 1160 3416 si
1174 3345 1324 3418 rectitu-

315 3437 435 3510 dinem
461 3439 504 3511 de
532 3437 681 3513 Onelino
706 3440 921 3515 deerevisset
947 3448 1122 3531 oppetere,
1144 3443 1262 3530 ipsam
1284 3444 1323 3518 in

314 3539 403 3610 urbe
419 3537 677 3612 Trinorantum
690 3564 737 3613 ex
753 3547 915 3614 veterum
929 3540 1122 3616 traditione
1136 3543 1321 3630 reciperet

316 3635 607 3710 Cessibellounus
621 3638 743 3726 itaque
757 3662 839 3713 oum
860 3663 931 3713 non
945 3646 1066 3726 posset
1086 3648 1253 3728 nepotem
1267 3643 1323 3716 ul-

315 3735 410 3826 sisoi,
425 3737 661 3811 comminatus
675 3746 733 3812 est
747 3738 947 3828 Androgeo,
961 3745 1100 3812 testans
1116 3764 1154 3813 se
1168 3741 1275 3830 ferro,
1285 3748 1323 3815 et

315 3836 461 3908 flamma
473 3836 691 3923 provinciam
705 3837 804 3912 illius
818 3837 1082 3928 populaturum,
1091 3838 1163 3912 nisi
1176 3840 1322 3926 petitio-

314 3933 354 4006 ni
377 3957 448 4008 suae
471 3934 719 4021 aequiesoeret.
764 3936 979 4026 Indignatus
1000 3961 1085 4013 vero
1106 3938 1321 4030 Androgeus

315 4031 459 4107 distulit
491 4035 656 4122 petitioni
689 4059 823 4124 perere.
869 4036 993 4114 Irotus
1027 4036 1320 4116 cassibellauno
