2862 4870
383 473 539 518 maroam
553 475 627 518 anu.
638 475 720 518 surr.
735 475 796 519 um.
810 472 859 519 111.
1083 457 1123 521 47

4 671 6 680 ,
114 617 301 701 stupefacti,
318 618 473 684 arbitrati
485 627 562 685 sunt
577 617 768 695 Brennium,
782 619 994 704 Senonesque
1009 618 1124 686 Gallos

115 716 238 784 adesse.
273 717 416 784 Belinus
429 737 507 803 ergo
517 718 693 802 compertis
704 718 865 795 hostibus,
877 717 986 784 subito
999 719 1125 802 impetu

4 843 6 904 ᾗ
112 813 333 899 irruptionem
353 815 434 879 fecit
452 816 488 878 in
503 815 586 891 illos,
607 824 706 899 atque
728 817 849 882 acriter
874 816 1005 880 invasit.
1051 814 1124 882 Nec

4 957 6 998 ,
115 934 213 988 mora,
230 912 380 976 Romani
396 934 437 976 ex
456 912 634 995 improviso
654 915 907 1000 occupatique
926 915 1068 978 inermes
1091 923 1125 979 et

116 1009 182 1074 sine
194 1012 314 1075 ordine
330 1011 533 1086 incedebant,
548 1032 623 1074 eum
636 1010 717 1095 fuga
732 1034 882 1096 campum
893 1011 1124 1077 deseruerunt:

4 1107 6 1190 ξ
117 1132 195 1194 quos
206 1109 351 1174 Belinus
361 1110 431 1174 sine
440 1110 571 1195 pietate,
578 1130 716 1195 sequens
725 1112 892 1177 trucidare
900 1133 966 1175 non
974 1111 1125 1188 cessavit,

4 1287 6 1304 ,
117 1209 214 1273 donee
227 1209 484 1293 superveniente
506 1217 602 1272 nocte
623 1209 786 1293 inceptam
807 1219 950 1295 stragem
970 1210 1126 1293 perficere

4 1389 5 1396 ἵ
117 1308 277 1392 nequivit.
326 1306 412 1370 Cum
427 1307 565 1371 victoria
578 1307 695 1372 deinde
715 1307 898 1373 Brennium
912 1307 1045 1392 petivit:
1068 1309 1125 1393 qui

113 1408 180 1490 jam
193 1408 308 1472 tribus
323 1406 438 1470 diebus
451 1405 591 1470 Romam
607 1407 785 1472 obsidebat.
832 1408 881 1472 Ut
893 1429 971 1492 ergo
983 1428 1125 1473 eommu-

118 1528 190 1570 nem
215 1506 403 1572 exercitum
431 1505 590 1581 fecerunt,
613 1505 804 1572 invadentes
829 1507 975 1592 undique
999 1505 1124 1583 ucham,

4 1595 6 1648 ἶ
118 1605 234 1670 moenia
260 1612 472 1689 prosternere
497 1604 668 1670 insistunt:
691 1615 725 1670 et
750 1614 789 1670 ut
814 1607 972 1691 majorem
1002 1605 1126 1670 cladem

118 1703 319 1788 ingererent,
335 1710 513 1767 erexerunt
532 1701 643 1766 furcas
660 1713 738 1768 ente
756 1713 869 1788 portas
889 1702 1048 1768 civitatis:
1069 1703 1126 1768 ob·

120 1803 285 1886 sessisque
304 1801 551 1876 mandaverunt,
567 1803 655 1884 quod
675 1802 804 1868 obsides
824 1824 908 1886 quos
921 1801 1078 1867 dederant
1092 1802 1126 1865 in

119 1901 267 1983 patibulo
273 1901 519 1984 suspenderent,
531 1900 595 1965 uisi
601 1921 672 1965 sese
684 1899 873 1965 suteditioni
883 1901 1124 1965 submitterent.

120 1998 245 2064 Verum
256 1999 401 2064 Romani
409 2000 444 2063 in
454 1999 623 2083 proposito
635 2019 694 2064 suo
705 2008 963 2084 perseverantes,
973 2000 1127 2083 despecte

120 2107 274 2162 natorum
290 2106 325 2163 et
340 2106 496 2182 nepotum
511 2098 643 2181 pietate,
662 2117 733 2162 sese
747 2097 923 2163 defendere
941 2097 1125 2163 intendunt.

122 2195 208 2260 Nam
234 2198 436 2281 quandoque
457 2196 713 2261 machinationes
735 2217 850 2260 eorum
879 2196 1053 2260 contrariis
1075 2197 1127 2260 vel

23 2339 27 2350 .
120 2295 343 2360 consimilibus
369 2295 663 2359 machinationibus
687 2293 907 2370 conterebant,
932 2293 1128 2378 quandoque

4 2425 5 2430 ¹
121 2416 199 2460 vero
222 2395 426 2460 multimodis
452 2395 526 2458 telis
559 2393 648 2477 ipsos
681 2415 702 2458 a
722 2394 882 2458 mcenibus
914 2393 1124 2477 repellebant.

123 2491 273 2579 Gumque
296 2493 331 2558 id
357 2493 603 2576 conspexissent
621 2493 753 2568 fratres
778 2491 950 2557 confestim
972 2500 1127 2574 proterva

122 2595 394 2658 excandescentes
405 2593 464 2666 ira,
469 2591 587 2676 viginti
595 2600 737 2675 quatuor
748 2591 966 2655 nobilissimos
978 2589 1127 2654 obsidum

4 2731 5 2744 ι
121 2690 342 2776 inconspeotu
357 2699 529 2776 parentum
541 2691 694 2775 suspendi
705 2697 939 2773 preceperunt.
985 2687 1127 2754 Romani

121 2792 231 2875 itaque
269 2790 490 2875 proterviores
536 2789 734 2863 insistentes,
778 2789 923 2874 fretique
963 2787 1128 2872 legatione

4 2969 5 2982 2
125 2888 221 2954 Gabii
248 2897 284 2953 et
308 2887 463 2953 Porsena
489 2889 668 2963 consulum,
694 2888 752 2971 qui
784 2887 864 2971 ipsis
894 2888 1128 2952 mandaverant

124 2989 210 3072 quod
220 2989 257 3051 in
272 2987 432 3050 auxilium
452 3007 566 3050 eorum
582 2985 732 3071 sequenti
751 2986 804 3050 die
823 2986 988 3050 venirent:
1010 2987 1125 3050 urbem

4 3075 6 3084 '
125 3086 234 3170 egredi
255 3093 453 3161 statuerunt,
475 3093 509 3149 et
524 3106 599 3148 oum
618 3084 767 3148 hostibus
783 3084 897 3168 praelia
912 3085 1125 3151 committere.

124 3183 281 3268 Dumque
305 3192 432 3248 turmas
463 3203 539 3247 snas
569 3183 734 3267 sapienter
763 3183 1015 3248 distribuerunt:
1052 3205 1127 3248 ecee

4 3289 6 3296 ’
123 3285 272 3368 predicti
287 3283 437 3347 eonsules
456 3282 625 3347 resociatis
641 3281 737 3346 sociis
754 3281 811 3365 qui
827 3282 965 3366 dispersi
979 3283 1126 3348 furerent:

122 3382 305 3468 praeliatnri
320 3381 532 3446 advenerunt.
577 3378 700 3444 Densis
716 3388 827 3444 autem
837 3381 1022 3465 agminibus
1041 3382 1127 3444 inee-

123 3483 247 3558 dentes,
264 3503 306 3545 ex
317 3479 493 3564 improviso
504 3478 695 3542 invaserunt
707 3477 900 3564 Allobroges
912 3489 946 3546 et
961 3478 1125 3544 Britonea

4 3653 6 3662 ,
124 3581 279 3669 Egressis
294 3599 425 3663 quoqne
440 3577 565 3642 civibus
580 3577 783 3653 consociatis,
796 3585 939 3663 stragem
954 3600 1019 3643 non
1034 3577 1127 3640 mini-

123 3703 208 3746 mam
219 3681 328 3765 primo
339 3678 501 3742 fecerunt.
548 3674 655 3739 Porro
669 3676 792 3740 fratres
807 3699 882 3740 cum
902 3678 1026 3742 ebdom
1041 3698 1127 3741 com·

125 3781 309 3844 militonum
331 3785 399 3841 tam
426 3775 534 3840 subito
556 3775 680 3839 illatam
701 3776 928 3860 inspexissent,
955 3764 1128 3842 admodum

4 3851 6 3880 ³
127 3878 249 3942 anxiati
265 3876 371 3940 socios
387 3875 514 3940 hortari
534 3882 710 3957 oeperunt,
730 3881 830 3957 atque
844 3874 878 3936 in
894 3882 1020 3938 mmm
1039 3896 1128 3940 rem*

129 3976 227 4042 cieret
263 3975 461 4058 crebrasque
482 3973 680 4056 irruptiones
702 3971 869 4046 facientes,
889 3972 1001 4037 hostes
1024 3982 1129 4038 retro-

131 4077 241 4141 cedere
278 4081 467 4159 coegerunt.
518 4070 691 4136 Postremo
723 4071 900 4154 peremptis
929 4072 963 4135 in
988 4081 1128 4157 utraque

130 4183 218 4256 perte
244 4174 287 4238 ad
309 4173 413 4241 multa
437 4171 527 4235 milia
549 4169 781 4254 pugnantibus,
808 4169 945 4234 victoria
969 4171 1128 4237 fratribus
