<?xml version="1.0" encoding="UTF-8"?>
<!DOCTYPE html PUBLIC "-//W3C//DTD XHTML 1.0 Transitional//EN"
    "http://www.w3.org/TR/xhtml1/DTD/xhtml1-transitional.dtd">
<html xmlns="http://www.w3.org/1999/xhtml" xml:lang="en" lang="en">
 <head>
  <title>
</title>
<meta http-equiv="Content-Type" content="text/html;charset=utf-8" />
  <meta name='ocr-system' content='tesseract 3.04.00' />
  <meta name='ocr-capabilities' content='ocr_page ocr_carea ocr_par ocr_line ocrx_word'/>
</head>
<body>
  <div class='ocr_page' id='page_1' title='image "./galfredimonumet00virugoog_0093.png"; bbox 0 0 2862 4870; ppageno 0'>
   <div class='ocr_carea' id='block_1_1' title="bbox 405 461 1143 527">
    <p class='ocr_par' dir='ltr' id='par_1_1' title="bbox 405 461 1143 527">
     <span class='ocr_line' id='line_1_1' title="bbox 405 461 1143 527; baseline -0.007 0"><span class='ocrx_word' id='word_1_1' title='bbox 405 481 561 527; x_wconf 80' lang='lat' dir='ltr'><strong>msrosnn</strong></span> <span class='ocrx_word' id='word_1_2' title='bbox 575 481 649 526; x_wconf 80' lang='lat' dir='ltr'><strong>sno.</strong></span> <span class='ocrx_word' id='word_1_3' title='bbox 664 480 746 526; x_wconf 81' lang='lat' dir='ltr'><strong>surr.</strong></span> <span class='ocrx_word' id='word_1_4' title='bbox 761 479 823 526; x_wconf 81' lang='lat' dir='ltr'><strong>nm.</strong></span> <span class='ocrx_word' id='word_1_5' title='bbox 838 480 880 524; x_wconf 75' lang='grc' dir='ltr'><strong>ιν.</strong></span> <span class='ocrx_word' id='word_1_6' title='bbox 1105 461 1143 522; x_wconf 83' lang='grc'><strong>61</strong></span> 
     </span>
    </p>
   </div>
   <div class='ocr_carea' id='block_1_2' title="bbox 138 715 1146 868">
    <p class='ocr_par' dir='ltr' id='par_1_2' title="bbox 138 715 1146 868">
     <span class='ocr_line' id='line_1_2' title="bbox 138 715 1146 796; baseline -0.003 -21"><span class='ocrx_word' id='word_1_7' title='bbox 138 715 154 796; x_wconf 81' lang='lat'>§</span> <span class='ocrx_word' id='word_1_8' title='bbox 176 715 206 775; x_wconf 84' lang='lat'><strong>6.</strong></span> <span class='ocrx_word' id='word_1_9' title='bbox 228 730 497 789; x_wconf 75' lang='lat' dir='ltr'><strong>enssmnnnnusus</strong></span> <span class='ocrx_word' id='word_1_10' title='bbox 523 729 620 773; x_wconf 65' lang='lat' dir='ltr'><strong>rinos</strong></span> <span class='ocrx_word' id='word_1_11' title='bbox 649 727 811 772; x_wconf 73' lang='lat' dir='ltr'><strong>susurros</strong></span> <span class='ocrx_word' id='word_1_12' title='bbox 831 727 866 770; x_wconf 73' lang='lat' dir='ltr'><strong>ns</strong></span> <span class='ocrx_word' id='word_1_13' title='bbox 886 727 1001 770; x_wconf 82' lang='lat' dir='ltr'><strong>rnuvro</strong></span> <span class='ocrx_word' id='word_1_14' title='bbox 1022 726 1146 772; x_wconf 74' lang='lat' dir='ltr'><strong>cosm</strong></span> 
     </span>
     <span class='ocr_line' id='line_1_3' title="bbox 365 820 928 868; baseline -0.009 -1"><span class='ocrx_word' id='word_1_15' title='bbox 365 823 501 868; x_wconf 77' lang='lat' dir='ltr'><strong>onsnms</strong></span> <span class='ocrx_word' id='word_1_16' title='bbox 522 823 622 866; x_wconf 76' lang='lat' dir='ltr'><strong>unvns</strong></span> <span class='ocrx_word' id='word_1_17' title='bbox 642 820 798 865; x_wconf 67' lang='lat' dir='ltr'><strong>murrinos</strong></span> <span class='ocrx_word' id='word_1_18' title='bbox 818 820 928 863; x_wconf 65' lang='grc' dir='ltr'><strong>ΡΜ.</strong></span> 
     </span>
    </p>
   </div>
   <div class='ocr_carea' id='block_1_3' title="bbox 140 934 1150 2105">
    <p class='ocr_par' dir='ltr' id='par_1_3' title="bbox 140 934 1150 2105">
     <span class='ocr_line' id='line_1_4' title="bbox 156 934 1146 1020; baseline -0.002 -18"><span class='ocrx_word' id='word_1_19' title='bbox 156 980 177 985; x_wconf 81' lang='lat'>—</span> <span class='ocrx_word' id='word_1_20' title='bbox 334 976 384 1017; x_wconf 39' lang='grc' dir='ltr'><strong>ξ,</strong></span> <span class='ocrx_word' id='word_1_21' title='bbox 443 934 613 1002; x_wconf 88' lang='lat' dir='ltr'>MENSO</span> <span class='ocrx_word' id='word_1_22' title='bbox 636 936 749 1020; x_wconf 81' lang='lat' dir='ltr'><strong>itaquo</strong></span> <span class='ocrx_word' id='word_1_23' title='bbox 762 934 1011 1018; x_wconf 83' lang='lat' dir='ltr'><strong>biennio,parat</strong></span> <span class='ocrx_word' id='word_1_24' title='bbox 1025 934 1146 1000; x_wconf 86' lang='lat' dir='ltr'><strong>iterum</strong></span> 
     </span>
     <span class='ocr_line' id='line_1_5' title="bbox 188 1000 1146 1110; baseline -0.002 -8"><span class='ocrx_word' id='word_1_25' title='bbox 188 1024 235 1065; x_wconf 54' lang='lat'><strong>³4³</strong></span> <span class='ocrx_word' id='word_1_26' title='bbox 264 1088 271 1097; x_wconf 54' lang='lat'><em>2</em></span> <span class='ocrx_word' id='word_1_27' title='bbox 310 1000 344 1087; x_wconf 49' lang='grc' dir='ltr'>Ο</span> <span class='ocrx_word' id='word_1_28' title='bbox 444 1034 614 1102; x_wconf 79' lang='lat' dir='ltr'><strong>Oceanum</strong></span> <span class='ocrx_word' id='word_1_29' title='bbox 627 1034 855 1110; x_wconf 81' lang='lat' dir='ltr'><strong>transfretare,</strong></span> <span class='ocrx_word' id='word_1_30' title='bbox 871 1041 906 1098; x_wconf 90' lang='lat' dir='ltr'><strong>et</strong></span> <span class='ocrx_word' id='word_1_31' title='bbox 921 1054 993 1098; x_wconf 85' lang='lat' dir='ltr'><strong>sese</strong></span> <span class='ocrx_word' id='word_1_32' title='bbox 1007 1034 1042 1097; x_wconf 90' lang='lat' dir='ltr'><strong>in</strong></span> <span class='ocrx_word' id='word_1_33' title='bbox 1066 1033 1146 1100; x_wconf 84' lang='lat' dir='ltr'><strong>Oas-</strong></span> 
     </span>
     <span class='ocr_line' id='line_1_6' title="bbox 346 1112 1147 1211; baseline 0 -13"><span class='ocrx_word' id='word_1_34' title='bbox 346 1112 404 1197; x_wconf 69' lang='lat' dir='ltr'><strong>(l</strong></span> <span class='ocrx_word' id='word_1_35' title='bbox 443 1131 841 1198; x_wconf 82' lang='lat' dir='ltr'><strong>sibellaunumvindioare.</strong></span> <span class='ocrx_word' id='word_1_36' title='bbox 875 1132 1056 1211; x_wconf 78' lang='lat' dir='ltr'><strong>Quodeum</strong></span> <span class='ocrx_word' id='word_1_37' title='bbox 1066 1131 1147 1198; x_wconf 84' lang='lat' dir='ltr'><strong>Oas-</strong></span> 
     </span>
     <span class='ocr_line' id='line_1_7' title="bbox 228 1229 1147 1316; baseline -0.001 -19"><span class='ocrx_word' id='word_1_38' title='bbox 228 1310 230 1313; x_wconf 78' lang='lat'>.</span> <span class='ocrx_word' id='word_1_39' title='bbox 383 1260 388 1281; x_wconf 76' lang='lat'>2</span> <span class='ocrx_word' id='word_1_40' title='bbox 444 1232 643 1297; x_wconf 82' lang='lat' dir='ltr'><strong>sibellaunus</strong></span> <span class='ocrx_word' id='word_1_41' title='bbox 659 1229 889 1315; x_wconf 79' lang='lat' dir='ltr'><strong>comperisset:</strong></span> <span class='ocrx_word' id='word_1_42' title='bbox 912 1231 1010 1296; x_wconf 89' lang='lat' dir='ltr'><strong>urbes</strong></span> <span class='ocrx_word' id='word_1_43' title='bbox 1024 1232 1147 1316; x_wconf 89' lang='lat' dir='ltr'><strong>ubique</strong></span> 
     </span>
     <span class='ocr_line' id='line_1_8' title="bbox 175 1329 1147 1406; baseline 0 -11"><span class='ocrx_word' id='word_1_44' title='bbox 175 1364 178 1371; x_wconf 40' lang='lat' dir='ltr'><strong>f</strong></span> <span class='ocrx_word' id='word_1_45' title='bbox 443 1331 593 1406; x_wconf 85' lang='lat' dir='ltr'><strong>munivit,</strong></span> <span class='ocrx_word' id='word_1_46' title='bbox 615 1329 726 1394; x_wconf 81' lang='lat' dir='ltr'><strong>diruta</strong></span> <span class='ocrx_word' id='word_1_47' title='bbox 750 1329 869 1392; x_wconf 87' lang='lat' dir='ltr'><strong>moenia</strong></span> <span class='ocrx_word' id='word_1_48' title='bbox 893 1329 1074 1406; x_wconf 84' lang='lat' dir='ltr'><strong>renovavit,</strong></span> <span class='ocrx_word' id='word_1_49' title='bbox 1095 1352 1147 1395; x_wconf 82' lang='lat' dir='ltr'><strong>ar-</strong></span> 
     </span>
     <span class='ocr_line' id='line_1_9' title="bbox 157 1426 1148 1513; baseline -0.002 -18"><span class='ocrx_word' id='word_1_50' title='bbox 157 1442 172 1449; x_wconf 71' lang='grc'><em>·</em></span> <span class='ocrx_word' id='word_1_51' title='bbox 332 1426 396 1440; x_wconf 41' lang='lat'><strong>‘⁷⁵</strong></span> <span class='ocrx_word' id='word_1_52' title='bbox 443 1438 549 1494; x_wconf 90' lang='lat' dir='ltr'><strong>matos</strong></span> <span class='ocrx_word' id='word_1_53' title='bbox 563 1428 684 1492; x_wconf 85' lang='lat' dir='ltr'><strong>milites</strong></span> <span class='ocrx_word' id='word_1_54' title='bbox 699 1428 733 1490; x_wconf 94' lang='lat' dir='ltr'><strong>in</strong></span> <span class='ocrx_word' id='word_1_55' title='bbox 749 1427 885 1513; x_wconf 84' lang='lat' dir='ltr'><strong>singulis</strong></span> <span class='ocrx_word' id='word_1_56' title='bbox 904 1428 1067 1512; x_wconf 87' lang='lat' dir='ltr'><strong>portubus</strong></span> <span class='ocrx_word' id='word_1_57' title='bbox 1082 1436 1148 1493; x_wconf 77' lang='lat' dir='ltr'><strong>sto-</strong></span> 
     </span>
     <span class='ocr_line' id='line_1_10' title="bbox 141 1525 1148 1611; baseline -0.004 -19"><span class='ocrx_word' id='word_1_58' title='bbox 141 1529 209 1592; x_wconf 87' lang='lat' dir='ltr'><strong>tuit</strong></span> <span class='ocrx_word' id='word_1_59' title='bbox 223 1552 231 1592; x_wconf 86' lang='lat'>:</span> <span class='ocrx_word' id='word_1_60' title='bbox 253 1537 414 1611; x_wconf 84' lang='lat' dir='ltr'><strong>praeterea</strong></span> <span class='ocrx_word' id='word_1_61' title='bbox 428 1527 520 1593; x_wconf 84' lang='lat' dir='ltr'><strong>alveo</strong></span> <span class='ocrx_word' id='word_1_62' title='bbox 538 1525 710 1591; x_wconf 83' lang='lat' dir='ltr'><strong>Tamensis</strong></span> <span class='ocrx_word' id='word_1_63' title='bbox 724 1525 878 1602; x_wconf 89' lang='lat' dir='ltr'><strong>fluminis,</strong></span> <span class='ocrx_word' id='word_1_64' title='bbox 895 1548 961 1611; x_wconf 93' lang='lat' dir='ltr'><strong>qno</strong></span> <span class='ocrx_word' id='word_1_65' title='bbox 975 1527 1018 1589; x_wconf 85' lang='lat' dir='ltr'><strong>ad</strong></span> <span class='ocrx_word' id='word_1_66' title='bbox 1032 1527 1148 1590; x_wconf 87' lang='lat' dir='ltr'><strong>urbem</strong></span> 
     </span>
     <span class='ocr_line' id='line_1_11' title="bbox 144 1626 1148 1712; baseline 0.001 -22"><span class='ocrx_word' id='word_1_67' title='bbox 144 1626 386 1692; x_wconf 86' lang='lat' dir='ltr'><strong>Trinovantum</strong></span> <span class='ocrx_word' id='word_1_68' title='bbox 408 1627 519 1692; x_wconf 80' lang='lat' dir='ltr'><strong>Oaesar</strong></span> <span class='ocrx_word' id='word_1_69' title='bbox 534 1627 748 1712; x_wconf 79' lang='lat' dir='ltr'><strong>navigaturus</strong></span> <span class='ocrx_word' id='word_1_70' title='bbox 771 1634 853 1702; x_wconf 88' lang='lat' dir='ltr'><strong>erat,</strong></span> <span class='ocrx_word' id='word_1_71' title='bbox 869 1626 952 1710; x_wconf 85' lang='lat' dir='ltr'><strong>palis</strong></span> <span class='ocrx_word' id='word_1_72' title='bbox 967 1626 1084 1692; x_wconf 80' lang='lat' dir='ltr'><strong>ferreis</strong></span> <span class='ocrx_word' id='word_1_73' title='bbox 1099 1636 1148 1691; x_wconf 88' lang='lat' dir='ltr'><strong>at·</strong></span> 
     </span>
     <span class='ocr_line' id='line_1_12' title="bbox 142 1724 1149 1811; baseline -0.001 -21"><span class='ocrx_word' id='word_1_74' title='bbox 142 1749 208 1811; x_wconf 90' lang='lat' dir='ltr'><strong>que</strong></span> <span class='ocrx_word' id='word_1_75' title='bbox 234 1726 411 1809; x_wconf 83' lang='lat' dir='ltr'><strong>plumbatis</strong></span> <span class='ocrx_word' id='word_1_76' title='bbox 434 1727 542 1790; x_wconf 82' lang='lat' dir='ltr'><strong>instar</strong></span> <span class='ocrx_word' id='word_1_77' title='bbox 567 1724 702 1789; x_wconf 85' lang='lat' dir='ltr'><strong>femoris</strong></span> <span class='ocrx_word' id='word_1_78' title='bbox 724 1725 859 1810; x_wconf 83' lang='lat' dir='ltr'><strong>grossis,</strong></span> <span class='ocrx_word' id='word_1_79' title='bbox 884 1726 997 1789; x_wconf 86' lang='lat' dir='ltr'><strong>subter</strong></span> <span class='ocrx_word' id='word_1_80' title='bbox 1020 1747 1149 1791; x_wconf 85' lang='lat' dir='ltr'><strong>amnem</strong></span> 
     </span>
     <span class='ocr_line' id='line_1_13' title="bbox 140 1823 1149 1906; baseline 0.001 -17"><span class='ocrx_word' id='word_1_81' title='bbox 140 1826 260 1901; x_wconf 87' lang='lat' dir='ltr'><strong>infixit,</strong></span> <span class='ocrx_word' id='word_1_82' title='bbox 274 1833 312 1889; x_wconf 90' lang='lat' dir='ltr'><strong>ut</strong></span> <span class='ocrx_word' id='word_1_83' title='bbox 326 1846 425 1889; x_wconf 88' lang='lat' dir='ltr'><strong>naves</strong></span> <span class='ocrx_word' id='word_1_84' title='bbox 449 1825 470 1889; x_wconf 91' lang='lat' dir='ltr'>J</span> <span class='ocrx_word' id='word_1_85' title='bbox 472 1825 530 1888; x_wconf 91' lang='lat' dir='ltr'><strong>ulii</strong></span> <span class='ocrx_word' id='word_1_86' title='bbox 547 1831 793 1906; x_wconf 76' lang='lat' dir='ltr'><strong>superventura</strong></span> <span class='ocrx_word' id='word_1_87' title='bbox 809 1823 1025 1889; x_wconf 86' lang='lat' dir='ltr'><strong>illiderentur.</strong></span> <span class='ocrx_word' id='word_1_88' title='bbox 1073 1826 1149 1892; x_wconf 78' lang='lat' dir='ltr'><strong>Col-</strong></span> 
     </span>
     <span class='ocr_line' id='line_1_14' title="bbox 140 1921 1150 2008; baseline 0.001 -20"><span class='ocrx_word' id='word_1_89' title='bbox 140 1925 227 1988; x_wconf 80' lang='lat' dir='ltr'><strong>lecta</strong></span> <span class='ocrx_word' id='word_1_90' title='bbox 241 1923 341 1987; x_wconf 87' lang='lat' dir='ltr'><strong>etiam</strong></span> <span class='ocrx_word' id='word_1_91' title='bbox 352 1931 423 1986; x_wconf 83' lang='lat' dir='ltr'><strong>tota</strong></span> <span class='ocrx_word' id='word_1_92' title='bbox 429 1923 606 2006; x_wconf 88' lang='lat' dir='ltr'><strong>juventute</strong></span> <span class='ocrx_word' id='word_1_93' title='bbox 621 1921 746 1997; x_wconf 84' lang='lat' dir='ltr'><strong>insulae,</strong></span> <span class='ocrx_word' id='word_1_94' title='bbox 758 1923 961 1988; x_wconf 85' lang='lat' dir='ltr'><strong>mansionem</strong></span> <span class='ocrx_word' id='word_1_95' title='bbox 971 1923 1071 2008; x_wconf 84' lang='lat' dir='ltr'><strong>juxta</strong></span> <span class='ocrx_word' id='word_1_96' title='bbox 1080 1945 1150 1989; x_wconf 90' lang='lat' dir='ltr'><strong>ma-</strong></span> 
     </span>
     <span class='ocr_line' id='line_1_15' title="bbox 140 2021 909 2105; baseline 0 -19"><span class='ocrx_word' id='word_1_97' title='bbox 140 2023 255 2088; x_wconf 86' lang='lat' dir='ltr'><strong>ritima</strong></span> <span class='ocrx_word' id='word_1_98' title='bbox 269 2021 359 2098; x_wconf 81' lang='lat' dir='ltr'><strong>feeit,</strong></span> <span class='ocrx_word' id='word_1_99' title='bbox 376 2023 553 2086; x_wconf 84' lang='lat' dir='ltr'><strong>adventum</strong></span> <span class='ocrx_word' id='word_1_100' title='bbox 563 2021 709 2086; x_wconf 89' lang='lat' dir='ltr'><strong>hostium</strong></span> <span class='ocrx_word' id='word_1_101' title='bbox 724 2029 909 2105; x_wconf 83' lang='lat' dir='ltr'><strong>expectans.</strong></span> 
     </span>
    </p>
   </div>
   <div class='ocr_carea' id='block_1_4' title="bbox 245 2281 1050 2363">
    <p class='ocr_par' dir='ltr' id='par_1_4' title="bbox 245 2281 1050 2363">
     <span class='ocr_line' id='line_1_16' title="bbox 245 2281 1050 2363; baseline -0.002 -19"><span class='ocrx_word' id='word_1_102' title='bbox 245 2281 261 2363; x_wconf 64' lang='grc' dir='ltr'><strong>ξ</strong></span> <span class='ocrx_word' id='word_1_103' title='bbox 284 2282 312 2344; x_wconf 80' lang='grc'><strong>7.</strong></span> <span class='ocrx_word' id='word_1_104' title='bbox 335 2298 602 2343; x_wconf 76' lang='lat' dir='ltr'><strong>onssmnnmuuus</strong></span> <span class='ocrx_word' id='word_1_105' title='bbox 624 2297 777 2342; x_wconf 74' lang='lat' dir='ltr'><strong>omssuun</strong></span> <span class='ocrx_word' id='word_1_106' title='bbox 797 2297 920 2342; x_wconf 81' lang='lat' dir='ltr'><strong>murum</strong></span> <span class='ocrx_word' id='word_1_107' title='bbox 940 2297 1050 2342; x_wconf 76' lang='lat' dir='ltr'><strong>ruosr.</strong></span> 
     </span>
    </p>
   </div>
   <div class='ocr_carea' id='block_1_5' title="bbox 167 2409 1154 2675">
    <p class='ocr_par' dir='ltr' id='par_1_5' title="bbox 162 2409 1154 2675">
     <span class='ocr_line' id='line_1_17' title="bbox 452 2409 1154 2495; baseline 0.003 -19"><span class='ocrx_word' id='word_1_108' title='bbox 452 2409 598 2476; x_wconf 89' lang='lat' dir='ltr'>ULIUS</span> <span class='ocrx_word' id='word_1_109' title='bbox 623 2417 735 2476; x_wconf 88' lang='lat' dir='ltr'><strong>antem</strong></span> <span class='ocrx_word' id='word_1_110' title='bbox 762 2431 835 2476; x_wconf 87' lang='lat' dir='ltr'><strong>oum</strong></span> <span class='ocrx_word' id='word_1_111' title='bbox 859 2411 968 2476; x_wconf 90' lang='lat' dir='ltr'><strong>omnia</strong></span> <span class='ocrx_word' id='word_1_112' title='bbox 993 2431 1067 2495; x_wconf 82' lang='lat' dir='ltr'><strong>qua</strong></span> <span class='ocrx_word' id='word_1_113' title='bbox 1091 2413 1154 2478; x_wconf 88' lang='lat' dir='ltr'><strong>sibi</strong></span> 
     </span>
     <span class='ocr_line' id='line_1_18' title="bbox 233 2510 1154 2599; baseline 0.002 -26.857"><span class='ocrx_word' id='word_1_114' title='bbox 233 2580 239 2599; x_wconf 18' lang='grc' dir='ltr'><strong>ἱ,</strong></span> <span class='ocrx_word' id='word_1_115' title='bbox 451 2510 635 2576; x_wconf 83' lang='lat' dir='ltr'><strong>necessaria</strong></span> <span class='ocrx_word' id='word_1_116' title='bbox 649 2517 744 2574; x_wconf 88' lang='lat' dir='ltr'><strong>erant</strong></span> <span class='ocrx_word' id='word_1_117' title='bbox 760 2510 952 2593; x_wconf 85' lang='lat' dir='ltr'><strong>paravisset,</strong></span> <span class='ocrx_word' id='word_1_118' title='bbox 969 2531 1044 2574; x_wconf 85' lang='lat' dir='ltr'><strong>oum</strong></span> <span class='ocrx_word' id='word_1_119' title='bbox 1058 2510 1154 2574; x_wconf 90' lang='lat' dir='ltr'><strong>innu-</strong></span> 
     </span>
     <span class='ocr_line' id='line_1_19' title="bbox 167 2608 1154 2675; baseline -0.001 0"><span class='ocrx_word' id='word_1_120' title='bbox 167 2648 203 2675; x_wconf 56' lang='grc' dir='ltr'><strong>ιΧ</strong></span> <span class='ocrx_word' id='word_1_121' title='bbox 229 2608 242 2647; x_wconf 56' lang='lat'><em>³</em></span> <span class='ocrx_word' id='word_1_122' title='bbox 451 2609 600 2674; x_wconf 87' lang='lat' dir='ltr'><strong>merabili</strong></span> <span class='ocrx_word' id='word_1_123' title='bbox 614 2609 826 2674; x_wconf 88' lang='lat' dir='ltr'><strong>multitudine</strong></span> <span class='ocrx_word' id='word_1_124' title='bbox 840 2610 982 2673; x_wconf 89' lang='lat' dir='ltr'><strong>militnm</strong></span> <span class='ocrx_word' id='word_1_125' title='bbox 992 2629 1083 2674; x_wconf 87' lang='lat' dir='ltr'><strong>mare</strong></span> <span class='ocrx_word' id='word_1_126' title='bbox 1105 2609 1154 2674; x_wconf 92' lang='lat' dir='ltr'><strong>in·</strong></span> 
     </span>
    </p>
   </div>
   <div class='ocr_carea' id='block_1_6' title="bbox 145 2903 1158 4272">
    <p class='ocr_par' dir='ltr' id='par_1_6' title="bbox 145 2903 1158 4272">
     <span class='ocr_line' id='line_1_20' title="bbox 454 2903 1156 2990; baseline 0.001 -21"><span class='ocrx_word' id='word_1_127' title='bbox 454 2905 565 2984; x_wconf 78' lang='lat' dir='ltr'><strong>Quam</strong></span> <span class='ocrx_word' id='word_1_128' title='bbox 574 2903 789 2989; x_wconf 79' lang='lat' dir='ltr'><strong>proculdubio</strong></span> <span class='ocrx_word' id='word_1_129' title='bbox 804 2903 1005 2990; x_wconf 85' lang='lat' dir='ltr'><strong>ingessisset,</strong></span> <span class='ocrx_word' id='word_1_130' title='bbox 1013 2905 1041 2969; x_wconf 93' lang='lat' dir='ltr'><strong>i</strong></span> <span class='ocrx_word' id='word_1_131' title='bbox 1055 2905 1156 2970; x_wconf 85' lang='lat' dir='ltr'><strong>illaesa</strong></span> 
     </span>
     <span class='ocr_line' id='line_1_21' title="bbox 146 3001 1156 3087; baseline 0.005 -24"><span class='ocrx_word' id='word_1_132' title='bbox 146 3003 248 3065; x_wconf 86' lang='lat' dir='ltr'><strong>classe</strong></span> <span class='ocrx_word' id='word_1_133' title='bbox 264 3001 381 3065; x_wconf 86' lang='lat' dir='ltr'><strong>tellure</strong></span> <span class='ocrx_word' id='word_1_134' title='bbox 394 3003 494 3086; x_wconf 88' lang='lat' dir='ltr'><strong>potiri</strong></span> <span class='ocrx_word' id='word_1_135' title='bbox 508 3001 689 3086; x_wconf 87' lang='lat' dir='ltr'><strong>potuisset:</strong></span> <span class='ocrx_word' id='word_1_136' title='bbox 713 3002 803 3087; x_wconf 89' lang='lat' dir='ltr'><strong>qnod</strong></span> <span class='ocrx_word' id='word_1_137' title='bbox 816 3002 859 3066; x_wconf 87' lang='lat' dir='ltr'><strong>ad</strong></span> <span class='ocrx_word' id='word_1_138' title='bbox 875 3003 1027 3067; x_wconf 81' lang='lat' dir='ltr'><strong>effectum</strong></span> <span class='ocrx_word' id='word_1_139' title='bbox 1037 3003 1156 3068; x_wconf 87' lang='lat' dir='ltr'><strong>duoere</strong></span> 
     </span>
     <span class='ocr_line' id='line_1_22' title="bbox 145 3097 1155 3186; baseline 0.006 -24"><span class='ocrx_word' id='word_1_140' title='bbox 145 3099 304 3184; x_wconf 88' lang='lat' dir='ltr'><strong>nequivit.</strong></span> <span class='ocrx_word' id='word_1_141' title='bbox 351 3097 440 3165; x_wconf 91' lang='lat' dir='ltr'><strong>Nam</strong></span> <span class='ocrx_word' id='word_1_142' title='bbox 455 3103 534 3165; x_wconf 88' lang='lat' dir='ltr'><strong>dum</strong></span> <span class='ocrx_word' id='word_1_143' title='bbox 553 3121 614 3186; x_wconf 87' lang='lat' dir='ltr'><strong>per</strong></span> <span class='ocrx_word' id='word_1_144' title='bbox 641 3099 837 3165; x_wconf 88' lang='lat' dir='ltr'><strong>Tamensem</strong></span> <span class='ocrx_word' id='word_1_145' title='bbox 860 3101 998 3166; x_wconf 83' lang='lat' dir='ltr'><strong>fiuvium</strong></span> <span class='ocrx_word' id='word_1_146' title='bbox 1020 3104 1155 3186; x_wconf 81' lang='lat' dir='ltr'><strong>pradic-</strong></span> 
     </span>
     <span class='ocr_line' id='line_1_23' title="bbox 146 3199 1156 3285; baseline 0.002 -21"><span class='ocrx_word' id='word_1_147' title='bbox 146 3209 214 3264; x_wconf 87' lang='lat' dir='ltr'><strong>tam</strong></span> <span class='ocrx_word' id='word_1_148' title='bbox 229 3199 396 3264; x_wconf 84' lang='lat' dir='ltr'><strong>civitatem</strong></span> <span class='ocrx_word' id='word_1_149' title='bbox 411 3209 549 3283; x_wconf 86' lang='lat' dir='ltr'><strong>peteret,</strong></span> <span class='ocrx_word' id='word_1_150' title='bbox 565 3221 665 3265; x_wconf 86' lang='lat' dir='ltr'><strong>naves</strong></span> <span class='ocrx_word' id='word_1_151' title='bbox 681 3201 753 3284; x_wconf 86' lang='lat' dir='ltr'><strong>ejus</strong></span> <span class='ocrx_word' id='word_1_152' title='bbox 774 3201 922 3285; x_wconf 71' lang='lat' dir='ltr'><strong>prefatis</strong></span> <span class='ocrx_word' id='word_1_153' title='bbox 943 3201 1026 3285; x_wconf 83' lang='lat' dir='ltr'><strong>pulis</strong></span> <span class='ocrx_word' id='word_1_154' title='bbox 1049 3202 1156 3266; x_wconf 83' lang='lat' dir='ltr'><strong>infixas</strong></span> 
     </span>
     <span class='ocr_line' id='line_1_24' title="bbox 149 3296 1157 3383; baseline 0.003 -22"><span class='ocrx_word' id='word_1_155' title='bbox 149 3299 295 3362; x_wconf 88' lang='lat' dir='ltr'><strong>subitum</strong></span> <span class='ocrx_word' id='word_1_156' title='bbox 317 3319 420 3381; x_wconf 89' lang='lat' dir='ltr'><strong>passae</strong></span> <span class='ocrx_word' id='word_1_157' title='bbox 442 3308 519 3364; x_wconf 90' lang='lat' dir='ltr'><strong>sunt</strong></span> <span class='ocrx_word' id='word_1_158' title='bbox 534 3300 723 3383; x_wconf 85' lang='lat' dir='ltr'><strong>perieulum.</strong></span> <span class='ocrx_word' id='word_1_159' title='bbox 771 3296 868 3363; x_wconf 85' lang='lat' dir='ltr'><strong>Unde</strong></span> <span class='ocrx_word' id='word_1_160' title='bbox 883 3299 926 3364; x_wconf 85' lang='lat' dir='ltr'><strong>ad</strong></span> <span class='ocrx_word' id='word_1_161' title='bbox 947 3299 1052 3363; x_wconf 82' lang='lat' dir='ltr'><strong>multa</strong></span> <span class='ocrx_word' id='word_1_162' title='bbox 1066 3301 1157 3364; x_wconf 89' lang='lat' dir='ltr'><strong>milia</strong></span> 
     </span>
     <span class='ocr_line' id='line_1_25' title="bbox 150 3397 1157 3482; baseline 0.002 -22"><span class='ocrx_word' id='word_1_163' title='bbox 150 3397 445 3482; x_wconf 85' lang='lat' dir='ltr'><strong>submergebantur</strong></span> <span class='ocrx_word' id='word_1_164' title='bbox 469 3397 600 3474; x_wconf 72' lang='lat' dir='ltr'><strong>milites</strong></span> <span class='ocrx_word' id='word_1_165' title='bbox 628 3397 708 3460; x_wconf 89' lang='lat' dir='ltr'><strong>dum</strong></span> <span class='ocrx_word' id='word_1_166' title='bbox 731 3397 819 3480; x_wconf 88' lang='lat' dir='ltr'><strong>ipsas</strong></span> <span class='ocrx_word' id='word_1_167' title='bbox 845 3417 945 3461; x_wconf 87' lang='lat' dir='ltr'><strong>naves</strong></span> <span class='ocrx_word' id='word_1_168' title='bbox 970 3397 1157 3481; x_wconf 83' lang='lat' dir='ltr'><strong>perforatas</strong></span> 
     </span>
     <span class='ocr_line' id='line_1_26' title="bbox 148 3494 1156 3580; baseline 0 -22"><span class='ocrx_word' id='word_1_169' title='bbox 148 3495 338 3580; x_wconf 85' lang='lat' dir='ltr'><strong>ingrediens</strong></span> <span class='ocrx_word' id='word_1_170' title='bbox 352 3496 471 3568; x_wconf 82' lang='lat' dir='ltr'><strong>fluvius</strong></span> <span class='ocrx_word' id='word_1_171' title='bbox 482 3497 683 3561; x_wconf 88' lang='lat' dir='ltr'><strong>absorberet.</strong></span> <span class='ocrx_word' id='word_1_172' title='bbox 732 3494 884 3580; x_wconf 78' lang='lat' dir='ltr'><strong>Cumque</strong></span> <span class='ocrx_word' id='word_1_173' title='bbox 892 3495 927 3558; x_wconf 87' lang='lat' dir='ltr'><strong>id</strong></span> <span class='ocrx_word' id='word_1_174' title='bbox 938 3495 1061 3560; x_wconf 82' lang='lat' dir='ltr'><strong>Oaesari</strong></span> <span class='ocrx_word' id='word_1_175' title='bbox 1070 3517 1156 3560; x_wconf 82' lang='lat' dir='ltr'><strong>oom-</strong></span> 
     </span>
     <span class='ocr_line' id='line_1_27' title="bbox 151 3594 1157 3678; baseline -0.001 -19"><span class='ocrx_word' id='word_1_176' title='bbox 151 3604 279 3678; x_wconf 78' lang='lat' dir='ltr'><strong>pentum</strong></span> <span class='ocrx_word' id='word_1_177' title='bbox 310 3602 408 3670; x_wconf 90' lang='lat' dir='ltr'><strong>esset,</strong></span> <span class='ocrx_word' id='word_1_178' title='bbox 439 3595 520 3659; x_wconf 86' lang='lat' dir='ltr'><strong>velis</strong></span> <span class='ocrx_word' id='word_1_179' title='bbox 549 3594 692 3658; x_wconf 87' lang='lat' dir='ltr'><strong>maxima</strong></span> <span class='ocrx_word' id='word_1_180' title='bbox 726 3594 759 3657; x_wconf 91' lang='lat' dir='ltr'><strong>vi</strong></span> <span class='ocrx_word' id='word_1_181' title='bbox 788 3594 933 3669; x_wconf 87' lang='lat' dir='ltr'><strong>retortis,</strong></span> <span class='ocrx_word' id='word_1_182' title='bbox 961 3594 1004 3657; x_wconf 87' lang='lat' dir='ltr'><strong>ad</strong></span> <span class='ocrx_word' id='word_1_183' title='bbox 1033 3602 1157 3659; x_wconf 87' lang='lat' dir='ltr'><strong>terram</strong></span> 
     </span>
     <span class='ocr_line' id='line_1_28' title="bbox 152 3691 1157 3776; baseline 0.004 -22"><span class='ocrx_word' id='word_1_184' title='bbox 152 3693 271 3757; x_wconf 85' lang='lat' dir='ltr'><strong>reverti</strong></span> <span class='ocrx_word' id='word_1_185' title='bbox 293 3692 473 3758; x_wconf 84' lang='lat' dir='ltr'><strong>festinavit.</strong></span> <span class='ocrx_word' id='word_1_186' title='bbox 520 3693 596 3776; x_wconf 90' lang='lat' dir='ltr'><strong>Ipse</strong></span> <span class='ocrx_word' id='word_1_187' title='bbox 622 3713 752 3776; x_wconf 86' lang='lat' dir='ltr'><strong>quoque</strong></span> <span class='ocrx_word' id='word_1_188' title='bbox 775 3691 832 3776; x_wconf 93' lang='lat' dir='ltr'><strong>qui</strong></span> <span class='ocrx_word' id='word_1_189' title='bbox 847 3691 882 3754; x_wconf 89' lang='lat' dir='ltr'><strong>in</strong></span> <span class='ocrx_word' id='word_1_190' title='bbox 903 3698 997 3754; x_wconf 86' lang='lat' dir='ltr'><strong>tanto</strong></span> <span class='ocrx_word' id='word_1_191' title='bbox 1011 3692 1157 3774; x_wconf 82' lang='lat' dir='ltr'><strong>periculo</strong></span> 
     </span>
     <span class='ocr_line' id='line_1_29' title="bbox 152 3790 1154 3876; baseline 0.003 -22"><span class='ocrx_word' id='word_1_192' title='bbox 152 3792 391 3876; x_wconf 83' lang='lat' dir='ltr'><strong>superfuerant,</strong></span> <span class='ocrx_word' id='word_1_193' title='bbox 415 3793 470 3855; x_wconf 86' lang='lat' dir='ltr'><strong>vix</strong></span> <span class='ocrx_word' id='word_1_194' title='bbox 494 3791 605 3875; x_wconf 87' lang='lat' dir='ltr'><strong>elapsi,</strong></span> <span class='ocrx_word' id='word_1_195' title='bbox 629 3811 704 3854; x_wconf 88' lang='lat' dir='ltr'><strong>eum</strong></span> <span class='ocrx_word' id='word_1_196' title='bbox 725 3790 782 3854; x_wconf 92' lang='lat' dir='ltr'><strong>illo</strong></span> <span class='ocrx_word' id='word_1_197' title='bbox 807 3790 959 3854; x_wconf 86' lang='lat' dir='ltr'><strong>tellurem</strong></span> <span class='ocrx_word' id='word_1_198' title='bbox 986 3790 1154 3857; x_wconf 78' lang='lat' dir='ltr'><strong>scandunt.</strong></span> 
     </span>
     <span class='ocr_line' id='line_1_30' title="bbox 154 3889 1155 3978; baseline 0.002 -25"><span class='ocrx_word' id='word_1_199' title='bbox 154 3889 224 3956; x_wconf 87' lang='lat' dir='ltr'><strong>Hoo</strong></span> <span class='ocrx_word' id='word_1_200' title='bbox 238 3893 343 3978; x_wconf 85' lang='lat' dir='ltr'><strong>igitur</strong></span> <span class='ocrx_word' id='word_1_201' title='bbox 361 3890 629 3956; x_wconf 78' lang='lat' dir='ltr'><strong>Cassibellaunus</strong></span> <span class='ocrx_word' id='word_1_202' title='bbox 645 3912 686 3954; x_wconf 90' lang='lat' dir='ltr'><strong>ex</strong></span> <span class='ocrx_word' id='word_1_203' title='bbox 701 3890 774 3974; x_wconf 92' lang='lat' dir='ltr'><strong>ripa</strong></span> <span class='ocrx_word' id='word_1_204' title='bbox 789 3911 853 3973; x_wconf 89' lang='lat' dir='ltr'><strong>qua</strong></span> <span class='ocrx_word' id='word_1_205' title='bbox 864 3890 978 3957; x_wconf 85' lang='lat' dir='ltr'><strong>aderat</strong></span> <span class='ocrx_word' id='word_1_206' title='bbox 984 3891 1155 3974; x_wconf 82' lang='lat' dir='ltr'><strong>aspiciens,</strong></span> 
     </span>
     <span class='ocr_line' id='line_1_31' title="bbox 154 3988 1158 4074; baseline 0.003 -22"><span class='ocrx_word' id='word_1_207' title='bbox 154 3991 271 4074; x_wconf 84' lang='lat' dir='ltr'><strong>gaudet</strong></span> <span class='ocrx_word' id='word_1_208' title='bbox 286 3999 424 4074; x_wconf 88' lang='lat' dir='ltr'><strong>propter</strong></span> <span class='ocrx_word' id='word_1_209' title='bbox 439 3989 620 4073; x_wconf 87' lang='lat' dir='ltr'><strong>perieulum</strong></span> <span class='ocrx_word' id='word_1_210' title='bbox 643 3989 907 4053; x_wconf 87' lang='lat' dir='ltr'><strong>submersorum:</strong></span> <span class='ocrx_word' id='word_1_211' title='bbox 930 3988 989 4052; x_wconf 87' lang='lat' dir='ltr'><strong>sed</strong></span> <span class='ocrx_word' id='word_1_212' title='bbox 1004 3989 1158 4055; x_wconf 81' lang='lat' dir='ltr'><strong>tristetur</strong></span> 
     </span>
     <span class='ocr_line' id='line_1_32' title="bbox 156 4086 1158 4154; baseline 0.003 -4"><span class='ocrx_word' id='word_1_213' title='bbox 156 4089 193 4151; x_wconf 93' lang='lat' dir='ltr'><strong>ob</strong></span> <span class='ocrx_word' id='word_1_214' title='bbox 208 4097 393 4154; x_wconf 85' lang='lat' dir='ltr'><strong>ceterorum</strong></span> <span class='ocrx_word' id='word_1_215' title='bbox 410 4089 559 4153; x_wconf 83' lang='lat' dir='ltr'><strong>salutem.</strong></span> <span class='ocrx_word' id='word_1_216' title='bbox 606 4086 697 4152; x_wconf 89' lang='lat' dir='ltr'><strong>Dato</strong></span> <span class='ocrx_word' id='word_1_217' title='bbox 712 4108 791 4152; x_wconf 89' lang='lat' dir='ltr'><strong>vero</strong></span> <span class='ocrx_word' id='word_1_218' title='bbox 806 4087 1079 4152; x_wconf 84' lang='lat' dir='ltr'><strong>commilitonibus</strong></span> <span class='ocrx_word' id='word_1_219' title='bbox 1092 4089 1158 4152; x_wconf 89' lang='lat' dir='ltr'><strong>suis</strong></span> 
     </span>
     <span class='ocr_line' id='line_1_33' title="bbox 159 4186 1158 4272; baseline 0.003 -24"><span class='ocrx_word' id='word_1_220' title='bbox 159 4187 256 4272; x_wconf 82' lang='lat' dir='ltr'><strong>signo,</strong></span> <span class='ocrx_word' id='word_1_221' title='bbox 272 4189 433 4271; x_wconf 87' lang='lat' dir='ltr'><strong>impetum</strong></span> <span class='ocrx_word' id='word_1_222' title='bbox 454 4188 489 4250; x_wconf 91' lang='lat' dir='ltr'><strong>in</strong></span> <span class='ocrx_word' id='word_1_223' title='bbox 512 4186 681 4252; x_wconf 90' lang='lat' dir='ltr'><strong>Romanos</strong></span> <span class='ocrx_word' id='word_1_224' title='bbox 702 4187 792 4252; x_wconf 85' lang='lat' dir='ltr'><strong>facit.</strong></span> <span class='ocrx_word' id='word_1_225' title='bbox 839 4187 886 4252; x_wconf 95' lang='lat' dir='ltr'><strong>At</strong></span> <span class='ocrx_word' id='word_1_226' title='bbox 902 4187 1044 4251; x_wconf 87' lang='lat' dir='ltr'><strong>Romani</strong></span> <span class='ocrx_word' id='word_1_227' title='bbox 1056 4207 1158 4272; x_wconf 83' lang='lat' dir='ltr'><strong>qusn-</strong></span> 
     </span>
    </p>
   </div>
   <div class='ocr_carea' id='block_1_7' title="bbox 0 0 1446 4870">
    <p class='ocr_par' dir='ltr' id='par_1_7' title="bbox 0 0 1446 4870">
     <span class='ocr_line' id='line_1_34' title="bbox 0 0 1446 4870; baseline 0 0"><span class='ocrx_word' id='word_1_228' title='bbox 0 0 1446 4870; x_wconf 95' lang='lat' dir='ltr'><strong> </strong></span> 
     </span>
    </p>
   </div>
  </div>
 </body>
</html>
