2848 4888
399 468 555 511 marorum
569 468 642 511 uns.
658 467 739 510 narr.
756 465 892 510 amum.
1097 445 1154 504 151

152 609 303 677 habebat.
352 610 427 696 Ipse
447 632 525 676 vero
545 612 713 698 ingressus
729 619 780 676 est
800 609 969 674 castellum
990 606 1155 682 Dimilioc,

152 730 194 773 ne
208 711 236 774 si
255 711 474 774 infortunium
494 711 745 796 supervenisset,
765 710 861 774 ambo
877 707 972 774 simul
994 706 1157 792 periclita-

151 816 276 874 rentur.
325 809 476 894 Cumque
505 810 539 873 id
564 809 635 896 regi
663 809 853 872 nunciatum
878 806 1007 881 finisset,
1033 805 1094 869 ivit
1115 803 1159 868 ad

152 908 306 990 oppidum
321 907 436 992 inquo
454 917 526 973 erat
542 907 685 985 Gorlois,
707 917 741 974 et
755 908 837 971 illud
856 906 994 982 obsedit,
1015 923 1158 970 omnem·

153 1025 216 1088 que
231 1006 358 1069 aditum
378 1007 481 1090 ipsius
500 1007 673 1091 praeclusit.
720 1005 864 1070 Emensa
882 1004 1016 1068 tandem
1034 1001 1157 1066 hebdo-

151 1105 257 1180 mada,
267 1106 477 1170 reminiscens
489 1107 608 1170 amoris
622 1106 759 1192 Igcrnae,
773 1106 857 1170 dixit
866 1105 995 1170 cuidam
1005 1099 1159 1166 familiari

152 1223 222 1280 suo,
238 1205 370 1268 nomine
381 1204 471 1268 Ulfin
481 1205 521 1270 dc
534 1204 755 1270 Ricaradoch:
781 1204 887 1269 ‘Uror
896 1224 1007 1268 amore
1019 1199 1156 1286 Igernae,

150 1324 210 1368 nec
246 1303 404 1388 gaudium
440 1304 571 1379 habere,
607 1326 667 1368 nec
695 1304 877 1388 periculum
913 1300 1059 1384 corporis
1095 1296 1159 1360 mci

149 1401 288 1466 evadere
303 1423 355 1466 me
375 1403 536 1478 existimo,
557 1404 620 1467 nisi
643 1425 683 1468 ea
703 1404 828 1487 potitus
853 1402 958 1467 fuero.
1006 1398 1059 1462 Tu
1079 1417 1158 1484 ergo

151 1501 269 1565 adhibe
295 1501 465 1564 consilium
486 1523 552 1586 quo
573 1503 773 1566 voluntatem
793 1523 898 1566 meam
918 1500 1075 1584 expleam,
1100 1505 1159 1562 aut

151 1600 247 1662 aliter
272 1601 412 1663 internis
433 1601 654 1666 anxietatibus
674 1601 837 1664 interibo!
884 1599 939 1664 Ad
957 1600 1027 1662 haec
1047 1596 1158 1661 Ulfin:

152 1695 217 1761 ‘Et
233 1699 305 1782 quis
320 1699 381 1762 tibi
391 1699 555 1763 consiliari
569 1699 726 1764 valuerit:
750 1721 825 1762 cum
836 1699 927 1762 nulla
940 1698 990 1762 vis
1005 1696 1159 1760 accedere

152 1805 262 1880 queat,
289 1819 354 1881 qua
380 1819 452 1862 eam
482 1799 573 1861 intra
600 1798 756 1883 oppidum
787 1796 941 1882 Tintagol
977 1794 1158 1860 adeamus?

152 1893 287 1958 Etenim
303 1896 403 1959 situm
418 1904 469 1960 est
483 1897 517 1960 in
533 1897 625 1971 mari,
642 1904 676 1960 et
690 1896 835 1980 undique
855 1896 1103 1960 circumclusum
1118 1895 1159 1959 ab

152 1994 234 2078 ipso,
256 2017 317 2058 nec
332 2003 382 2058 est
397 1996 481 2060 alter
495 1995 661 2071 introitus,
686 1997 750 2058 nisi
774 2017 872 2079 quem
895 2002 1035 2080 angusta
1060 2015 1159 2078 rupes

151 2095 315 2179 praebeat:
338 2095 447 2179 ipsum
466 2103 535 2158 tres
555 2095 673 2158 armati
693 2095 811 2160 milites
830 2095 1004 2178 probibere
1024 2102 1159 2179 queunt,

149 2194 224 2257 licet
240 2215 315 2258 cum
333 2202 405 2258 toto
429 2215 530 2279 regno
552 2192 733 2257 Britannia
753 2193 907 2258 astiteris.
953 2192 1111 2258 Attamen
1133 2195 1161 2258 si

151 2289 317 2356 Merlinus
332 2301 423 2357 vates
433 2314 566 2376 operam
577 2293 743 2357 insisteret
753 2293 844 2357 dare:
868 2293 1011 2357 arbitror
1020 2301 1054 2356 te
1065 2313 1161 2376 posse

150 2391 286 2455 consilio
306 2392 410 2475 ipsius
427 2392 588 2456 desiderio
608 2400 668 2456 tuo
689 2393 811 2476 potiri!
859 2391 1022 2457 Oredulus
1048 2393 1160 2478 itaque

149 2511 220 2566 rex,
238 2489 422 2555 Merlinum
437 2492 546 2555 vocari
556 2492 676 2574 jussit:
696 2513 772 2556 nam
784 2500 818 2556 et
828 2493 897 2575 ipse
906 2493 948 2556 ad
960 2493 1160 2558 obsidionem

150 2597 297 2654 venerat.
344 2589 490 2654 Vocatus
501 2590 673 2654 confestim
690 2589 865 2666 Merlinus,
881 2613 956 2654 cum
970 2592 1004 2654 in
1019 2613 1160 2675 prasen-

150 2688 199 2752 tia
212 2688 302 2773 regis
324 2689 493 2765 astitisset,
510 2689 625 2771 jussus
650 2697 701 2753 cst
715 2689 886 2753 consilium
901 2690 991 2766 dare,
1012 2712 1077 2774 quo
1101 2712 1160 2755 rex

151 2788 352 2854 desiderium
365 2788 400 2850 in
417 2787 537 2872 Igerua
548 2788 704 2872 expleret.
745 2787 813 2868 Qui
822 2798 988 2875 comperta
996 2789 1161 2854 anxietate

151 2909 251 2972 quam
265 2908 326 2951 rex
341 2887 538 2970 patiebatur,
554 2907 614 2969 pro
630 2907 669 2950 ea
684 2895 861 2952 commotus
882 2896 932 2952 est
954 2909 1052 2972 super
1067 2895 1162 2952 tanto

151 3007 264 3052 amore
278 2985 391 3070 ipsius,
414 2992 448 3049 et
463 2985 531 3048 ait:
556 2983 627 3048 ‘Ut
650 2993 727 3049 voto
747 2993 805 3049 tuo
825 2987 971 3069 potiaris,
1001 2988 1160 3052 utendum

150 3094 200 3150 est
221 3084 284 3149 tibi
304 3083 398 3147 novis
425 3083 552 3146 artibus
573 3090 607 3147 et
627 3090 775 3168 tempore
794 3092 852 3148 tuo
873 3085 1037 3150 inauditis.
1085 3085 1160 3150 Scio

150 3182 421 3248 medicaminibus
451 3181 532 3244 meis
558 3181 637 3246 dare
656 3181 796 3266 figuram
818 3181 960 3259 Gorlois,
987 3184 1034 3247 ita
1048 3192 1087 3248 ut
1101 3207 1160 3268 per

150 3282 261 3347 omnia
289 3281 360 3364 ipse
388 3279 540 3344 videaris.
589 3278 626 3342 Si
651 3280 763 3364 itaque
792 3281 952 3364 parueris,
978 3281 1097 3346 faciam
1125 3292 1160 3349 tc

149 3400 287 3466 prorsus
313 3379 466 3442 simulare
490 3399 586 3442 eum:
612 3376 773 3441 Ullinum
801 3401 879 3443 vero
911 3380 1093 3444 Jordanum
1119 3381 1160 3446 de

152 3479 309 3563 Tintagol
323 3477 519 3541 familiarem
534 3477 615 3560 ejus.
662 3475 739 3540 Alia
762 3486 873 3542 autem
896 3479 1002 3562 specie
1018 3489 1158 3564 sumpta,

151 3578 251 3643 adero
266 3578 395 3652 tertius,
416 3576 605 3660 poterisque
625 3584 698 3639 tuto
720 3577 872 3660 oppidum
896 3578 986 3641 adire
1001 3577 1044 3640 ad
1068 3578 1160 3663 Iger-

150 3699 235 3753 nam,
252 3698 291 3741 ac
305 3677 429 3740 aditum
443 3676 574 3739 babere.
620 3673 739 3738 Paruit
747 3675 857 3760 itaque
871 3698 940 3752 rex,
958 3677 1159 3763 diligentem·

155 3798 218 3860 que
244 3776 391 3840 animum
417 3774 576 3839 adhibuit.
624 3772 797 3837 Postremo
824 3776 997 3839 commissa
1022 3777 1160 3844 familia·

152 3877 242 3939 ribus
268 3874 337 3938 suis
363 3874 541 3949 obsidione,
567 3894 601 3936 se
623 3871 760 3936 Merlini
785 3874 1054 3940 medicationibus
1074 3899 1160 3941 com-

151 3976 250 4050 misit,
264 3982 298 4038 et
309 3974 493 4058 inspeciem
507 3972 638 4036 Gorlois
650 3981 886 4037 transmutatus
899 3985 957 4038 est.
1005 3975 1160 4042 Mutatus

154 4083 203 4138 est
219 4083 253 4138 et
270 4072 361 4136 Ulfin
375 4073 410 4135 in
427 4073 447 4136 J
450 4071 617 4146 ordanum,
630 4070 795 4135 Merlinus
808 4073 841 4134 in
858 4072 1038 4140 Bricelem:
1061 4077 1108 4140 ita
1123 4085 1161 4140 ut

154 4172 276 4238 nemini
307 4172 396 4256 quod
425 4171 557 4235 fuerant
584 4179 829 4253 comparerent:
869 4173 984 4236 deinde
1014 4175 1161 4260 aggressi
