2848 4888
420 494 576 544 merorum
590 499 663 543 ans.
673 498 756 544 narr.
770 498 833 543 nra.
847 499 890 542 ιι.
1103 479 1162 540 105

151 641 217 707 Oui
232 641 423 730 Hengistus
438 665 499 729 pro
514 643 586 708 eliis
597 643 795 730 respondere
806 641 945 727 incepit:
968 662 1044 706 nam
1058 640 1165 727 ipsum

152 749 190 806 et
217 743 383 807 maturior
413 751 493 807 aetas
527 751 561 806 et
598 742 758 827 sapientia
792 740 1012 825 preponebat.
1059 737 1166 804 “Rex

153 849 343 906 ceterorum
360 841 572 916 nobilissime,
596 841 758 904 Saxonica
771 840 870 904 tellus
890 860 950 904 nos
966 839 1078 913 edidit,
1099 859 1167 902 una

155 961 200 1004 ex
216 939 403 1004 Germaniae
422 939 619 1024 regionibus.
668 939 777 1004 Causa
795 940 865 1003 haec
885 938 1045 1003 adventus
1060 936 1166 1000 nostri

155 1046 219 1112 est,
250 1045 288 1100 ut
317 1037 380 1101 tibi
410 1038 479 1101 sive
505 1037 601 1101 alteri
630 1037 769 1120 principi
793 1037 986 1120 obsequium
1015 1042 1165 1099 nostrum

157 1137 345 1200 offeramus.
392 1134 575 1200 Fueramus
591 1135 712 1200 etenim
735 1135 862 1220 expulsi
882 1157 902 1198 a
916 1134 1024 1218 patria
1042 1142 1166 1209 nostra,

155 1255 221 1298 nec
250 1233 291 1297 ob
315 1233 416 1310 aliud,
443 1233 507 1297 uisi
533 1233 609 1317 quia
634 1232 728 1318 regni
754 1232 956 1296 consuetudo
982 1232 1166 1316 expetebat.

159 1329 371 1396 Consuetudo
389 1352 531 1416 namque
545 1331 580 1396 in
594 1331 703 1414 patria
717 1340 831 1394 nostra
845 1338 906 1405 est,
923 1336 962 1394 ut
976 1350 1050 1394 cum
1064 1330 1169 1393 homi-

157 1451 242 1494 num
256 1430 456 1494 abundantia
475 1430 510 1493 in
532 1431 645 1494 eadem
666 1429 902 1512 supervenerit,
918 1429 1113 1495 conveniant
1128 1450 1169 1493 ex

158 1526 300 1592 diversis
323 1528 500 1612 provinciis
525 1528 698 1612 principes,
726 1535 759 1592 et
784 1528 887 1591 totius
913 1528 1007 1613 regni
1029 1527 1169 1611 juvenes

158 1645 272 1690 eoram
302 1648 338 1691 se
373 1627 486 1691 venire
514 1626 722 1711 precipiunt:
760 1626 877 1690 deinde
905 1626 1052 1710 projecta
1081 1633 1171 1690 sorte

159 1726 308 1810 potiores
338 1734 439 1809 atque
475 1724 630 1789 fortiores
667 1725 804 1810 eligunt,
837 1724 894 1809 qui
924 1733 1038 1790 extera
1066 1745 1171 1810 regna

158 1824 311 1908 petituri,
336 1825 461 1889 victum
482 1823 544 1888 sibi
563 1823 767 1909 perquirant,
795 1831 828 1887 et
843 1823 950 1908 patria
970 1845 1010 1888 ex
1026 1845 1091 1907 qua
1105 1817 1170 1889 orti

158 1931 243 1986 sunt
261 1945 282 1988 a
306 1924 473 2007 superflua
490 1923 703 1986 multitudine
725 1921 894 1986 liberetur.
942 1922 1171 2006 superfluente

160 2020 267 2106 igitur
281 2022 410 2110 noviter
425 2021 460 2083 in
483 2042 585 2106 regno
604 2028 719 2084 nostro
738 2020 908 2084 hominum
928 2020 1030 2105 copia,
1055 2043 1170 2086 conve-

161 2126 286 2182 nerunt
322 2118 496 2203 principes,
535 2126 723 2202 sortemque
754 2118 963 2204 projicientes
1000 2120 1171 2206 elegerumt

154 2217 370 2301 juventutem
385 2217 483 2282 istam
499 2238 598 2302 quam
612 2217 647 2280 in
666 2217 841 2302 presentia
860 2225 919 2282 tua
939 2218 1065 2283 cernis:
1088 2221 1171 2302 prae-

160 2324 389 2401 ceperuntque
408 2323 448 2379 ut
469 2315 698 2380 consuetudini
717 2315 759 2379 ab
779 2316 915 2400 antiquo
931 2324 1062 2381 statutae
1076 2337 1170 2401 pare-

161 2422 250 2479 rent.
305 2413 378 2478 Nos
415 2435 545 2499 quoque
579 2412 661 2478 duos
701 2411 894 2488 Germanos,
932 2435 1074 2498 quorum
1110 2437 1172 2502 ego

162 2513 362 2600 Hengistus‚
388 2514 452 2578 iste
479 2511 610 2576 Horsus
636 2521 856 2597 nuncupatur,
886 2512 933 2577 eis
960 2514 1058 2578 duces
1088 2535 1171 2598 pra-

160 2613 323 2678 fecerunt.
359 2610 446 2676 Nam
461 2633 502 2676 ex
518 2611 637 2675 ducum
648 2611 805 2696 progenie
818 2612 982 2696 progeniti
993 2612 1171 2678 fueramus.

166 2710 372 2778 Obedientes
402 2730 481 2795 ergo
511 2708 651 2774 decretis
687 2709 729 2774 ab
760 2729 828 2774 svo
859 2711 1002 2786 sancitis,
1032 2712 1173 2797 ingressi

164 2831 283 2877 sumus
298 2809 412 2884 maria,
433 2829 636 2894 regnumque
655 2816 751 2872 tuum
773 2806 855 2872 duce
871 2806 1041 2873 Mercurio
1056 2810 1172 2893 petivi-

161 2912 275 2973 mus’'
320 2905 376 2971 Ad
391 2927 511 2971 nomen
529 2906 642 2990 itaque
662 2904 824 2970 Mercurii
850 2916 960 2972 erecto
984 2909 1077 2972 vultu
1100 2929 1170 2985 rex,

161 3007 307 3093 inquirit
322 3003 505 3088 cujusmodi
519 3004 711 3089 religionem
724 3005 893 3069 haberent.
941 3003 1004 3068 cui
1029 3004 1173 3091 Hengis·

161 3117 241 3172 tus:
266 3103 392 3168 “Deos
411 3103 545 3187 patrios,
567 3103 758 3178 Saturnum,
781 3103 906 3179 Jovem,
933 3112 1033 3186 atque
1048 3113 1174 3169 ceteros

166 3205 229 3290 qui
263 3202 424 3267 mundum
460 3201 655 3287 gubernant,
693 3201 848 3266 colimus:
885 3202 1027 3274 maxime
1063 3211 1174 3267 autem

167 3301 389 3376 Mercurium,
415 3322 512 3384 quem
536 3299 667 3364 Woden
691 3299 805 3385 lingua
823 3307 941 3363 nostra
963 3301 1172 3384 appellamus.

167 3399 263 3466 Huic
292 3408 420 3465 veteres
442 3398 548 3464 nostri
571 3398 762 3462 dicaverunt
799 3406 950 3481 quartam
986 3398 1176 3483 septimanae

164 3499 296 3573 feriam,
313 3518 387 3581 quae
401 3517 506 3581 usque
520 3496 555 3558 in
569 3495 764 3560 hodiernum
780 3494 865 3559 diem
880 3516 998 3560 nomen
1014 3495 1176 3563 Wodens-

167 3597 225 3661 dai
240 3597 280 3660 de
295 3596 425 3660 nomine
440 3595 543 3678 ipsius
560 3594 677 3658 sortita
696 3603 756 3658 est.
814 3593 897 3658 Post
922 3595 1013 3658 illum
1040 3596 1175 3660 colimus

166 3697 265 3761 deam
279 3696 367 3759 inter
382 3702 508 3759 ceteras
531 3693 799 3777 potentissimam,
820 3693 952 3757 nomine
974 3693 1102 3771 Fream,
1124 3695 1177 3759 cui

171 3795 273 3860 etiam
300 3793 533 3858 dedicaverunt
553 3799 679 3856 sextam
701 3791 829 3866 feriam,
854 3791 1018 3875 quamde
1046 3793 1178 3858 nomine

171 3893 247 3977 ejus
277 3891 391 3957 Fridai
419 3893 606 3954 vocamus.”
652 3887 708 3952 Ad
722 3889 790 3952 haec
812 3887 1050 3974 Vortegirnus:
1090 3890 1176 3956 “De

171 3994 366 4058 credulitate
381 4001 502 4065 vestra,
524 4011 597 4073 quae
611 3989 721 4073 potius
737 3987 949 4053 incredulitas
970 3989 1033 4053 dici
1054 3998 1174 4074 potest,

171 4094 383 4156 vehementer
398 4090 502 4154 doleo.
549 4087 603 4152 De
626 4087 769 4151 adventu
785 4094 893 4151 autem
913 4096 1023 4152 vestro
1038 4089 1176 4174 gaudeo,

174 4191 251 4274 quia
280 4191 314 4253 in
345 4209 490 4272 congruo
517 4195 663 4269 tempore
684 4207 741 4250 vos
771 4184 958 4250 necessitati
987 4208 1078 4262 meae,
1110 4189 1179 4252 sive
