2862 4870
356 482 512 528 marorum
533 481 607 525 aas.
629 479 711 524 amr.
727 479 789 524 ma.
810 477 858 522 111.
1076 457 1117 518 49

15 701 16 704 ¹
135 715 215 796 §IL
236 732 399 776 annorum
420 729 582 773 aamrauo
603 726 701 770 moos
721 723 941 769 marmium
962 721 1095 766 sumam.

133 858 321 927 5353&
343 868 377 899 ι
417 829 507 895 OST
530 833 599 894 haec
615 827 771 892 successit
785 827 817 892 ei
832 826 1002 911 Gurgiunt
1013 823 1117 887 Brab-

279 917 348 1007 ’ξε
384 933 385 938 ’
415 925 1118 1013 trucfiliusejusdem,virmodestnsetpru·

264 1042 308 1111 ‘a
416 1029 511 1092 dens:
543 1026 600 1111 qui
628 1047 687 1110 per
714 1024 823 1089 omnia
843 1033 997 1107 paternos
1023 1029 1117 1086 actus

148 1118 174 1183 5,
206 1169 234 1195 η
250 1106 304 1209 ’Μῖ
328 1127 374 1201 Σ
416 1127 558 1202 imitans,
573 1146 686 1210 pacem
697 1132 731 1189 et
736 1123 902 1209 justitiam
916 1122 1060 1186 amabat:
1084 1128 1119 1184 et

141 1206 262 1323 «¹²21,ss
286 1234 379 1287 κ
418 1247 492 1290 cnm
510 1225 608 1289 vicini
625 1224 783 1288 adversus
806 1244 882 1287 eum
905 1220 1118 1294 rebellabant,

130 1312 194 1375 ³³2⁹*
209 1312 264 1361 *4
417 1323 586 1389 audaciam
634 1321 793 1408 genitoris
835 1341 1003 1396 revocans,
1047 1318 1120 1384 dira

15 1439 18 1508 ἰ,
119 1427 224 1510 prelia
259 1424 493 1499 committebat,
525 1430 559 1486 et
591 1422 704 1487 hostes
741 1420 784 1485 ad
816 1420 961 1484 debitam
992 1417 1118 1502 subjec-

15 1569 17 1586 ,
118 1524 236 1589 tionem
252 1522 441 1587 reducebat.
489 1520 581 1584 Inter
601 1520 697 1603 plura
716 1518 780 1582 alia
799 1517 937 1602 contigit
957 1517 1046 1600 quod
1060 1536 1119 1580 rex

15 1635 16 1698 ξ
121 1622 294 1698 Dacorum,
311 1621 369 1705 qui
389 1620 504 1685 diebus
524 1619 628 1703 patris
646 1619 810 1682 tributum
827 1617 931 1682 eidem
953 1615 1119 1691 reddebat,

15 1717 17 1800 ἐ
120 1723 190 1786 huic
213 1721 354 1786 reddere
383 1719 568 1803 diffugeret,
594 1724 628 1782 et
657 1717 688 1782 ei
713 1717 857 1781 debitam
886 1715 1120 1801 subjectionem

15 1819 17 1844 ¹
121 1823 307 1906 denegaret:
331 1820 419 1904 quod
442 1818 512 1902 ipse
530 1817 676 1902 graviter
696 1815 817 1890 ferens,
839 1815 935 1878 duxit
953 1815 1121 1899 navigium

15 2005 17 2012 y
121 1921 152 1984 in
166 1921 317 1995 Daciam,
337 1917 520 2000 afflictoque
541 1915 713 1981 dirissimis
727 1914 848 2000 praliis
873 1915 1002 1999 populo,
1022 1913 1123 1977 inter·

121 2018 194 2084 feeit
207 2039 331 2103 regem,
346 2016 552 2101 patriamque
570 2014 709 2098 pristino
727 2015 811 2099 jugo
826 2013 1006 2098 supposuit.

199 2279 214 2360 ξ
239 2281 286 2338 12.
309 2293 461 2337 ursanum
480 2291 711 2336 resonaremus
731 2291 910 2336 mconruns
929 2289 1041 2332 narra.
1133 2337 1137 2343 ,

145 2430 182 2477 22
201 2436 245 2470 Ξ
263 2420 303 2433 1
314 2435 376 2467 Ξ,
423 2391 455 2456 Α
467 2398 663 2477 tempestate
674 2413 749 2454 oum
763 2398 839 2475 post
849 2390 947 2454 istam
955 2389 1126 2453 victoriam

178 2444 373 2653 ³603
423 2494 556 2557 domum
585 2515 644 2578 per
670 2494 793 2558 insulas
820 2491 968 2559 Orcades
993 2493 1126 2566 rediret,

294 2590 298 2591 ⁷
330 2574 388 2657 lb
423 2591 548 2656 invenit
572 2592 711 2677 triginta
732 2615 831 2658 naves
860 2592 941 2657 viris
961 2600 995 2657 et
1013 2590 1127 2655 mulie-

15 2737 17 2792 ξ
235 2728 253 2739 ³
294 2726 298 2729 s
365 2732 370 2745 2
424 2689 516 2755 ribus
531 2688 657 2775 plenas:
681 2700 714 2756 et
730 2714 805 2756 oum
821 2713 953 2757 causam
967 2691 1127 2756 adventus

426 2811 539 2855 eorum
560 2789 793 2874 inquisivisset,
823 2791 961 2856 accessit
984 2790 1027 2855 ad
1052 2810 1128 2853 eum

207 2876 341 2925 ”³2³
425 2889 492 2954 dux
517 2888 664 2973 ipsorum
690 2888 892 2954 Partboloim
921 2889 1061 2963 nomine,
1095 2894 1129 2952 et

190 2870 224 2878 ἢ

196 2884 234 2892 —-

15 2973 16 2982 Σ
126 2987 258 3052 adorato
274 3007 313 3051 eo
329 2987 456 3051 veniam
483 2996 517 3053 et
537 3009 649 3073 paoem
668 2989 807 3072 rogavit.
854 2988 996 3054 Dicebat
1017 2997 1128 3052 autem

15 3085 17 3150 ἰ
126 3107 209 3151 seex
233 3085 383 3170 partibus
401 3086 636 3171 Hispaniarum
653 3089 824 3172 expulsum
843 3089 956 3164 fuisse,
972 3096 1006 3152 et
1024 3088 1129 3152 maria

124 3185 176 3249 illa
184 3185 324 3248 circuim
339 3192 377 3248 ut
386 3186 494 3250 locum
504 3187 681 3251 mansionis
691 3187 836 3253 haberet.
874 3185 1015 3252 Petebat
1029 3187 1128 3251 etiam

15 3343 16 3350 ,
125 3285 163 3348 ab
196 3306 236 3349 eo
266 3285 506 3368 portiunculam
533 3285 712 3351 Britanniae
737 3287 780 3352 ad
807 3287 1063 3363 inhabitandum,
1088 3307 1132 3350 ne

126 3386 273 3449 odiosum
303 3385 367 3448 iter
395 3385 646 3450 maris·diutius
668 3395 868 3469 pererraret:
902 3386 1019 3450 Annus
1044 3386 1130 3449 enim

126 3504 197 3546 enm
217 3483 352 3547 dimidio
368 3485 438 3568 jam
464 3485 594 3569 elapsus
613 3484 733 3561 fuerat,
750 3507 791 3549 ex
815 3507 916 3569 quoa
940 3485 1048 3568 patria
1071 3506 1131 3547 sua

15 3665 16 3670 ἵ
128 3583 239 3664 pulsus
253 3602 314 3665 per
328 3580 496 3647 Oceanum
507 3605 581 3647 cum
593 3583 689 3646 sociis
699 3582 921 3667 navigaverat.
969 3583 1018 3647 Ut
1029 3583 1131 3667 igitur

15 3695 17 3748 ὲ
120 3672 298 3765 'Gurgiunt
314 3679 479 3745 Brabtruc
499 3683 587 3765 ipsos
609 3703 650 3747 ex
674 3681 836 3766 Hispania
858 3683 985 3746 venisse
1000 3690 1034 3746 et
1050 3680 1132 3744 Bar-

15 3807 16 3810 *
131 3779 251 3844 clenses
267 3799 340 3843 esse
351 3786 494 3854 vocatos,
511 3780 766 3863 petitionemque
782 3801 895 3844 eorum
906 3780 1040 3844 edoctus
1056 3780 1132 3855 fuit,

15 3903 17 3964 p
131 3877 216 3941 misit
230 3877 466 3941 homiuescum
483 3878 529 3942 eis
549 3879 591 3942 ad
611 3878 751 3943 insulam
773 3877 943 3942 Hiberniae
963 3900 1037 3962 quae
1055 3887 1135 3942 tunc
1213 3933 1218 3945 ,

133 3984 220 4041 vasta
252 3978 295 4041 ab
334 3977 421 4040 omni
458 3979 564 4041 incola
596 3987 683 4043 erat:
721 3998 857 4061 eamque
891 3979 937 4042 eis
964 3979 1133 4043 concessit.

15 4111 16 4114 =
136 4071 258 4138 Deinde
275 4082 451 4138 creverunt
465 4075 531 4138 illic
547 4084 581 4140 et
595 4076 801 4160 multiplicati
817 4085 909 4140 sunt:
932 4077 1135 4160 insulamque

15 4237 17 4268 ,
137 4193 234 4256 usque
256 4175 293 4238 in
311 4174 506 4238 hodiernum
527 4174 611 4239 diem
631 4183 819 4241 tenuerunt.
868 4175 1037 4259 Gurgiunt
1057 4196 1134 4239 vero

988 4297 1007 4337 E
