2872 4876
395 497 551 540 marorum
573 499 645 543 nno.
667 501 750 544 narr.
771 500 833 545 um.
855 502 911 545 111.
1089 487 1149 546 223

339 733 354 814 ξ
377 735 427 797 13.
448 753 572 795 rudunt
593 753 633 796 Aa
654 754 752 799 oswro
774 755 952 800 oommrurt.

159 899 188 953 j
202 893 238 949 9
296 909 334 955 ᾗ
357 912 390 955 {¹
445 866 488 931 IS
512 868 615 954 igitur
630 877 664 933 et
677 869 826 953 pluribus
841 869 913 935 aliis
930 869 1025 935 dictis
1039 877 1149 934 motus

197 976 204 979 ’
445 966 623 1044 Oadwallc‚
668 967 811 1033 Peandae
852 969 1017 1034 licentiam
1056 969 1147 1034 dedit

154 1076 160 1101 ’
294 1094 318 1121 κ
377 1049 411 1123 ‘i
443 1067 674 1153 congrediendi
689 1089 764 1132 eum
780 1067 904 1133 Oswio.
952 1067 1147 1148 Quideinde

150 1206 172 1255 a
242 1196 260 1241 p
290 1206 310 1239 2
345 1164 397 1267 Q
442 1165 577 1231 collecto
603 1167 832 1233 innumerabili
852 1167 1010 1244 exercitu,
1030 1167 1148 1251 petivit

167 1343 251 1347 w
308 1266 384 1351 Ξ
444 1265 644 1342 Humbrum,
690 1274 724 1331 et
759 1266 960 1351 provinciam
997 1265 1145 1350 ejusdem

262 1361 266 1368 ’
440 1363 556 1449 patriae
592 1365 762 1442 vastando,
807 1365 1000 1450 praedictum
1036 1385 1148 1450 regem

137 1465 259 1531 aeriter
296 1463 394 1547 ooepit
430 1463 625 1547 inquietare.
683 1463 730 1528 At
763 1464 884 1529 oswius
914 1465 956 1528 ad
992 1463 1145 1528 ultimum

135 1563 332 1630 necessitate
347 1569 493 1637 coactus,
521 1562 673 1646 promisit
688 1564 718 1627 ei
743 1563 917 1628 innumera
938 1563 1031 1648 regia
1049 1583 1144 1628 orna·
1232 1593 1236 1604 ·

137 1671 260 1739 menta,
278 1669 312 1726 et
326 1662 452 1746 majora
464 1662 601 1726 donaria
612 1683 711 1748 quam
722 1663 940 1748 credipotest,
952 1670 991 1727 ut
1005 1663 1147 1747 patriam

138 1785 233 1828 suam
259 1769 391 1826 vastare
412 1761 587 1838 desineret,
608 1769 642 1826 et
665 1762 885 1846 praetermissa
910 1762 1146 1846 inquietatione

138 1883 238 1947 quam
252 1861 429 1945 inceperat,
443 1859 575 1924 domum
590 1861 724 1926 rediret.
765 1860 914 1945 Cumque
924 1861 979 1926 ille
994 1862 1145 1947 precibus

138 1963 209 2046 ejus
221 1961 410 2024 nullatenus
422 1980 592 2024 assensum
600 1960 782 2044 praeberet:
805 1980 864 2024 rex
876 1960 930 2024 ille
945 1961 987 2025 ad
999 1959 1145 2027 divinum

137 2058 317 2145 respiciens
327 2058 538 2141 adjutorium,
553 2058 631 2123 licet
641 2059 798 2123 minorem
807 2059 944 2125 haberet
953 2061 1143 2138 exercitum,

137 2158 233 2222 inivit
247 2165 359 2222 tamen
369 2157 518 2243 praelium
530 2178 603 2220 cum
614 2157 670 2221 illo
680 2157 780 2240 juxta
793 2157 929 2221 fiuvium
944 2157 1097 2235 Winved,
1111 2167 1146 2224 et

138 2254 285 2332 Peanda,
292 2278 352 2320 nec
363 2277 428 2321 non
440 2263 473 2320 et
484 2256 622 2341 triginta
631 2255 768 2320 ducibus
779 2255 967 2340 peremptis,
974 2256 1144 2322 victoriam

137 2358 278 2442 adeptus
308 2363 368 2421 est.
420 2354 600 2419 Interfecto
628 2355 732 2439 igitur
770 2353 914 2432 Peanda,
949 2354 1144 2422 Wulfredus

135 2456 224 2520 filius
245 2455 404 2539 ejusdem,
429 2453 571 2518 donante
592 2452 811 2529 Oadwallone,
837 2453 993 2519 successit
1014 2455 1049 2517 in
1070 2476 1144 2542 reg-

136 2577 227 2631 num,
252 2553 311 2639 qui
326 2552 519 2617 consociatis
543 2552 606 2616 sibi
628 2551 701 2617 Eba
715 2560 749 2616 et
771 2551 918 2619 Edberto
940 2551 1144 2620 Merciorum

138 2654 288 2728 ducibus,
318 2651 489 2715 rebellavit
518 2651 677 2716 adversus
708 2650 877 2716 Oswium:
915 2651 975 2716 sed
1005 2651 1144 2735 jubente

136 2751 272 2818 tandem
289 2750 508 2826 Cadwallone,
518 2769 632 2834 pacem
643 2770 717 2813 cum
728 2749 784 2813 illo
798 2750 923 2814 habuit.
965 2747 1144 2835 completis

137 2851 273 2916 tandem
290 2849 508 2934 quadraginta
523 2856 597 2914 octo
612 2848 716 2924 annia,
738 2849 959 2914 nobilissimus
975 2849 1030 2914 ille
1044 2859 1144 2934 atque

137 2949 384 3036 potentissimus
401 2947 567 3013 Oadwallo
582 2967 641 3012 rex
658 2944 844 3023 Britonum‚
862 2949 952 3012 senio
964 2956 998 3014 et
1008 2949 1143 3014 infirmi-

137 3057 207 3114 tate
236 3046 396 3133 gravitus,
424 3065 470 3110 xv
500 3043 668 3110 Kalendas
689 3045 846 3110 Decemb.
879 3046 1002 3111 abhoc
1034 3049 1143 3113 seculo

138 3147 305 3234 migravit.
353 3145 458 3230 Cujus
479 3166 596 3229 eorpus
620 3143 775 3210 Britones
798 3146 943 3212 balsamo
962 3155 995 3212 et
1017 3170 1143 3215 aroma·

137 3248 228 3313 tibus
244 3245 412 3311 conditum
428 3244 462 3308 in
477 3243 619 3330 quadam
630 3263 720 3310 renea
730 3243 882 3331 imagine,
899 3244 942 3309 ad
957 3267 1144 3314 mensuram

139 3354 277 3412 staturae
306 3344 377 3429 ejus
407 3343 493 3420 fusa,
520 3342 605 3409 mira
630 3351 702 3408 arte
724 3352 915 3428 posuerunt.
964 3344 1144 3431 Imaginem

138 3454 250 3512 autem
270 3443 359 3508 illam
379 3462 478 3525 super
498 3461 625 3506 aeneum
639 3463 771 3526 equum,
795 3443 888 3509 mirae
912 3444 1142 3528 pulcritudinis

139 3551 310 3618 armatam,
327 3549 361 3606 et
375 3561 473 3626 super
491 3538 736 3607 Occidentalem
751 3551 880 3627 portam
896 3542 1143 3608 Londoniarum

140 3651 282 3709 erectrun
297 3641 476 3726 insignum
491 3639 657 3724 predicta
670 3641 826 3720 victoriae,
851 3650 885 3707 et
902 3641 1086 3708 saxonibus
1108 3644 1144 3708 in

139 3750 301 3807 terrorem
331 3746 529 3805 statuerunt.
589 3739 655 3805 Sed
684 3749 718 3804 et
748 3742 916 3807 ecelesiam
947 3741 1074 3819 subtus,
1108 3743 1143 3807 in

140 3842 298 3906 honorem
313 3838 417 3904 sancti
434 3837 576 3903 Martini
591 3839 843 3918 aedificaverunt,
867 3843 902 3906 in
918 3863 983 3927 qua
996 3863 1057 3927 pro
1072 3839 1143 3927 ipso

141 3947 173 4004 et
186 3938 336 4007 fidelibus
353 3938 525 4016 defunctis,
544 3938 653 4004 dimna
667 3941 873 4006 celebrantur
889 3940 1054 4025 obsequia.
