2848 4888
407 476 561 521 marorum
583 475 760 520 1111111111.
782 475 843 520 nm.
865 475 921 521 vn.
1106 457 1166 516 125

1 585 3 670 d
150 617 296 683 marinis
312 619 471 686 conficiet.
518 619 688 706 Lacrymis
706 619 900 685 miserandis
919 617 1065 684 manabit
1084 618 1166 702 ipsa,

153 723 195 780 et
211 718 352 782 clamore
373 719 509 784 horrido
534 719 674 804 replebit
696 718 846 784 insulam.
894 717 1073 782 Interliciet
1096 739 1168 782 eam

153 835 278 879 cervus
293 816 405 881 decem
419 837 608 882 ramorum:
631 838 771 901 quorum
786 813 929 902 quituor
943 837 1044 881 aurea
1059 815 1168 880 diade-

154 923 252 978 mata
265 916 462 1000 gestabunt:
486 937 543 980 sex
552 937 631 981 vero
646 915 771 980 residui
785 916 820 979 in
837 934 960 978 cornua
973 915 1168 978 bubalorum

155 1021 345 1088 vertentur,
363 1035 437 1098 qua
456 1014 597 1080 nefando
620 1015 730 1079 sonitu
744 1022 813 1078 tres
837 1014 960 1078 insulas
987 1011 1169 1077 Britannias

157 1114 423 1178 commovebunt.
471 1111 681 1178 Excitabitur
718 1110 885 1176 Daneium
914 1133 1039 1187 nemus,
1071 1120 1104 1176 et
1133 1112 1169 1176 in

157 1211 339 1274 humanam
354 1233 466 1276 vocem
486 1232 660 1295 erumpens
680 1211 853 1275 clamabit:
878 1219 897 1246 “
908 1209 1048 1286 Accede,
1071 1208 1168 1272 Cam-

157 1309 247 1384 bria,
264 1318 297 1374 et
307 1311 412 1397 junge
426 1311 523 1375 lateri
543 1319 601 1375 tuo
619 1309 829 1385 Gornubiam,
850 1317 884 1373 et
899 1309 951 1374 dic
967 1307 1167 1384 Guintoniae,

155 1409 351 1474 absorbebit
383 1411 481 1476 tellus
509 1419 554 1475 te.
603 1408 762 1474 Transfer
792 1409 902 1472 sedem
931 1408 1073 1492 pastoris
1103 1430 1168 1493 quo

158 1529 264 1571 naves
282 1510 453 1593 applicant,
479 1518 513 1574 et
539 1518 648 1574 cetera
676 1507 824 1572 membra
853 1515 951 1591 caput
975 1515 1165 1591 sequantur.

160 1603 315 1671 Festinat
338 1629 480 1692 namque
507 1607 586 1682 dies,
612 1627 678 1690 qua
703 1605 789 1669 cives
816 1605 858 1668 ob
884 1604 1006 1669 scelera
1030 1605 1169 1689 perjurii

159 1703 327 1788 peribunt.
375 1704 508 1771 Candor
543 1706 693 1768 lanarum
728 1703 850 1779 nocuit,
884 1709 984 1786 atque
1018 1704 1170 1768 tincturas

159 1802 310 1886 ipsarum
344 1803 526 1867 diversitas.
574 1802 635 1866 Vae
663 1802 805 1886 perjurae
839 1802 941 1886 genti,
977 1802 1055 1885 quia
1089 1801 1168 1866 urbs

160 1901 286 1986 inclyta
304 1912 439 1986 propter
455 1923 526 1965 eam
540 1908 625 1965 ruet.
675 1899 875 1964 Gaudebunt
894 1921 993 1964 naves
1014 1919 1169 1984 augmen-

159 2001 288 2064 tatione
311 2008 415 2076 tante,
442 2010 476 2065 et
494 2020 597 2063 uuum
618 2019 658 2063 ex
683 1998 810 2064 duobus
833 1998 900 2062 fiet.
946 1997 1171 2064 Reaedificabit

159 2120 237 2162 eam
271 2098 413 2175 Ericius,
440 2106 595 2163 oneratus
625 2097 750 2181 pomis:
788 2097 831 2160 ad
860 2118 1000 2181 quorum
1037 2098 1170 2162 odorem

161 2196 370 2261 diversorum
389 2217 560 2260 nemorum
580 2195 799 2259 convolabunt
821 2195 980 2260 volucres.
1026 2193 1170 2278 Adjiciet

158 2296 322 2378 palatium
345 2296 472 2381 ingens,
501 2304 536 2358 et
559 2294 721 2358 sexcentis
746 2295 894 2358 turribus
918 2293 1051 2362 vallabit
1077 2294 1168 2359 illud.

161 2393 331 2458 Invidebit
366 2415 444 2480 ergo
475 2393 657 2468 Londonia,
688 2401 721 2458 et
750 2415 862 2458 muros
892 2413 968 2458 suos
997 2394 1170 2477 tripliciter

162 2493 309 2576 augebit.
358 2491 519 2556 circuibit
539 2513 611 2556 earn
631 2491 776 2574 undique
798 2489 970 2555 Tamensis
984 2491 1113 2568 fluvius,
1136 2501 1169 2558 11

162 2612 277 2654 rumor
308 2589 416 2681 operis
453 2589 664 2654 transcendet
696 2589 809 2674 Alpes.
858 2588 1047 2656 Occultabit
1083 2591 1171 2655 intra

161 2691 253 2754 illam
269 2689 401 2754 Ericius
421 2711 518 2773 poma
533 2709 602 2763 sua,
625 2697 659 2752 et
678 2690 908 2754 subterraneas
923 2689 993 2755 vias
1008 2690 1171 2756 machina-

161 2789 264 2852 bitur.
313 2787 353 2852 In
367 2796 515 2872 tempore
529 2789 585 2852 illc
601 2788 777 2870 loquentur
791 2788 926 2872 lapides,
951 2797 985 2852 et
999 2809 1090 2852 mare
1105 2811 1170 2872 quo

162 2889 206 2952 ad
221 2887 365 2950 Galliam
383 2888 557 2972 navigatur
571 2886 658 2950 intra
672 2887 772 2950 breve
787 2888 929 2972 spatium
945 2888 1168 2954 contrahetur.

164 2986 205 3049 In
226 2994 369 3070 utraque
392 2987 465 3070 ripa
490 2985 644 3050 audietur
662 2986 760 3050 homo
786 2987 827 3050 ab
842 2986 983 3062 homine,
1005 2995 1039 3050 et
1065 2987 1170 3056 solum

162 3085 280 3148 iusulae
303 3084 504 3149 dilatabitur.
552 3082 801 3147 Revelabuntur
821 3084 949 3149 occulta
968 3084 1170 3150 submarino-

162 3204 249 3257 rum,
284 3190 319 3246 et
350 3181 458 3247 Gallia
486 3203 555 3267 prae
583 3181 703 3245 timore
739 3189 868 3246 tremet.
915 3181 998 3246 Post
1026 3183 1096 3248 haec
1129 3205 1170 3248 ox

164 3280 331 3346 Calaterio
361 3303 494 3346 nemore
523 3279 678 3365 procedet
707 3279 816 3357 ardea,
844 3302 918 3366 quac
947 3281 1087 3346 insulam
1112 3304 1171 3366 pcr

162 3380 333 3444 biennium
344 3378 599 3443 circumvolabit.
647 3376 818 3442 Nocturno
830 3381 970 3445 clamore
981 3381 1171 3446 convocabit

162 3478 319 3550 volatilia,
343 3485 378 3541 et
392 3498 487 3541 omne
510 3496 614 3562 genus
628 3477 798 3540 volucrum
819 3477 992 3543 associabit
1014 3479 1084 3542 sibi.
1131 3477 1171 3542 In

163 3577 312 3640 culturas
331 3575 520 3640 mortalium
539 3573 679 3649 irruent,
704 3583 738 3638 et
757 3575 866 3640 omnia
887 3597 991 3661 grana
1015 3576 1171 3640 messium

164 3674 381 3738 devorabunt.
430 3673 594 3756 Sequetur
630 3670 733 3736 fames
769 3672 935 3756 populum,
964 3681 1064 3756 atque
1100 3674 1173 3739 dira

163 3773 347 3837 mortalitas
362 3772 492 3836 famem
539 3769 587 3836 At
601 3791 675 3834 cum
690 3771 855 3834 calamitas
870 3779 964 3836 tanta
985 3773 1170 3848 cessaverit,

162 3871 269 3936 adibit
300 3870 500 3935 detestabilis
528 3870 597 3933 'ales
623 3869 739 3933 vallem
765 3868 917 3945 Galabes,
943 3878 1042 3953 atque
1067 3871 1172 3955 ipsam

164 3970 200 4032 in
229 3969 394 4034 excelsum
423 3976 567 4033 montem
596 3967 728 4031 levabit.
775 3966 815 4030 In
846 3967 1011 4032 cacumine
1041 3989 1172 4052 quoquc

165 4066 279 4150 ipsius
295 4066 456 4150 plantabit
472 4086 638 4150 quercum,
651 4072 751 4148 atque
761 4064 849 4128 intra
860 4085 969 4128 ramos
981 4063 1169 4130 nidificabit.

169 4164 250 4230 Tria
275 4187 337 4230 ova
363 4165 623 4249 procreabuntur
647 4164 681 4226 in
708 4163 806 4227 nido:
830 4184 870 4227 ex
895 4163 1017 4247 quibus
1047 4165 1171 4247 vulpes,
