2848 4888
385 439 541 482 marorum
562 439 635 482 aaa.
657 439 739 481 amr.
761 438 824 481 ma.
847 438 889 480 v1.
1105 419 1143 480 97

132 587 335 669 proficiebat,
345 589 532 654 immatura
542 589 658 654 mortis
670 588 943 673 suppliciumqui
953 587 1012 651 tali
1027 587 1143 652 funere

132 688 366 772 rapiebantur:
391 712 457 774 quo
468 690 620 764 fratum,
633 689 873 775 pignorumque
893 709 1027 752 suorum
1047 691 1143 756 mise-

132 789 254 852 randas
269 789 542 873 inminentesque
556 809 667 871 poenas
683 788 748 852 cito
763 788 854 851 exitu
869 786 1063 853 devitarent.
1111 789 1142 856 O

134 886 279 950 divinam
294 887 336 951 ob
351 888 521 971 preterita
535 886 658 950 seelera
668 886 837 960 ultionem,
853 885 895 949 ob
910 893 961 949 tot
975 885 1144 953 bellicoso-

134 1007 212 1048 rum
233 986 375 1050 militum
389 1006 449 1069 per
463 986 628 1049 vesaniam
650 983 846 1049 Maximiani
861 984 1063 1050 absentiam:
1086 986 1143 1070 qui

135 1085 166 1147 si
182 1085 216 1146 in
229 1091 323 1148 tanta
337 1084 522 1148 calamitate
531 1084 694 1158 adessent,
704 1105 771 1148 non
786 1083 1028 1168 supervenisset
1041 1105 1143 1168 popu-

135 1184 202 1258 lna,
214 1204 312 1265 quem
323 1203 390 1245 non
401 1183 436 1245 in
450 1182 564 1267 fugam
572 1183 792 1266 propellerent
805 1205 812 1246 :
835 1183 924 1266 quod
932 1183 1143 1246 manifestum

134 1281 205 1345 fuit
219 1283 497 1346 dum-manebant.
543 1279 632 1345 Nam
647 1291 680 1347 et
701 1283 799 1367 longe
813 1282 921 1365 posita
943 1303 1045 1367 regua
1059 1284 1141 1368 adji-

136 1379 267 1444 ciebant
281 1379 438 1463 potestati
453 1399 530 1456 suae,
544 1388 578 1443 et
593 1378 801 1470 Britanniam
815 1401 890 1443 cum
904 1381 1143 1464 tranquillitate

54 1485 57 1503 '
135 1478 359 1562 possidebant.
407 1476 462 1540 Sic
474 1485 534 1552 est,
546 1499 620 1541 cum
631 1499 769 1564 regnum
780 1477 934 1542 tutamini
945 1478 1143 1542 rusticorum

136 1577 345 1660 relinquitur.
393 1574 485 1655 Quid
498 1573 618 1660 plura?
674 1576 812 1640 Relictis
825 1577 1022 1652 civitatibus,
1032 1598 1143 1641 muro-

137 1697 205 1760 que
224 1675 363 1750 excelso,
379 1673 499 1737 iterum
522 1674 647 1738 civibus
669 1675 767 1761 fugae,
784 1675 905 1739 iterum
927 1675 1146 1760 dispersiones

137 1775 411 1860 desperabiliores
441 1775 547 1850 solito,
574 1775 694 1839 iterum
717 1777 759 1840 ab
785 1777 880 1840 hoste
903 1777 1143 1856 insectationes,

135 1875 261 1940 iterum
275 1873 473 1938 crudeliores
489 1881 616 1958 strages
639 1874 841 1938 accelerant:
864 1881 898 1937 et
920 1875 1005 1940 sicut
1027 1878 1104 1962 agui
1126 1899 1146 1942 a

136 1975 235 2058 lupis,
247 1973 295 2038 ita
304 1973 490 2036 miseranda
498 1973 589 2057 plebs
601 1972 642 2036 ab
657 1972 795 2037 inimicis
806 1973 1009 2056 discerpitur.
1056 1975 1145 2040 Rur-

123 2069 125 2074 ’
137 2095 213 2138 sum
222 2072 326 2158 igitur
336 2072 465 2135 misera
474 2071 622 2155 reliquia
631 2071 768 2136 mittunt
780 2071 933 2155 epistolas
944 2073 986 2136 ad
995 2072 1146 2160 Agitium

138 2171 300 2236 Romana
319 2170 492 2253 potestatis
507 2170 625 2245 virum,
640 2170 703 2234 hoc
727 2168 824 2234 modo
846 2169 1036 2254 loquentes:
1059 2173 1145 2238 Acr-

138 2290 200 2334 r10
217 2289 288 2332 rus
305 2289 462 2343 consum,
475 2266 673 2332 Barrorvnm
690 2287 855 2333 cuminus.
902 2267 1147 2355 Etpostpauca

137 2377 326 2454 quaerentes
341 2367 518 2451 adjiciunt:
543 2375 563 2403 “
577 2366 649 2432 Nos
660 2388 751 2431 mare
760 2367 803 2430 ad
814 2366 992 2445 Barbaros,
1005 2368 1146 2436 Barbari

138 2470 182 2534 ad
197 2488 289 2532 mare
303 2467 477 2552 repellunt.
524 2466 657 2530 Interea
671 2466 822 2530 oriuntur
837 2466 900 2531 duo
915 2490 1037 2553 genera
1051 2470 1145 2536 fune-

139 2591 233 2632 rum:
257 2574 317 2631 aut
340 2565 427 2630 enim
449 2566 701 2651 submergimur,
725 2574 784 2630 aut
801 2567 1027 2651 jugulamur.''
1075 2568 1147 2634 Nec

138 2688 200 2752 pro
226 2666 275 2730 eis
302 2665 475 2749 quicquam
498 2663 655 2747 adjutorii
678 2663 846 2739 habentes,
862 2664 975 2731 tristes
995 2668 1145 2744 redeunt,

139 2767 241 2850 atque
257 2763 444 2828 concivibus
459 2762 623 2846 repulsam
639 2781 731 2825 suam
747 2762 953 2828 denunciant.

220 3017 237 3098 ξ·
258 3021 287 3079 4.
310 3033 528 3078 coarctamus
549 3033 704 3075 summum
725 3034 764 3074 aa
784 3033 950 3078 sausoure
972 3037 1071 3080 earm.

226 3182 252 3229 5
284 3190 292 3212 ,
365 3212 372 3237 μ
406 3202 410 3237 3
442 3145 560 3212 NITO
597 3147 708 3230 itaque
743 3148 889 3223 consilio,
920 3151 1148 3217 transfretavit

194 3322 221 3333 „
412 3240 420 3289 i
443 3244 662 3321 Guethelinus
690 3245 930 3311 Londoniensis
960 3247 1148 3334 Archiepis-

150 3392 167 3414 „
207 3348 209 3351 ’
374 3338 375 3355 ¹
397 3370 402 3403 τ
442 3344 586 3426 copusiu
600 3343 760 3407 minorem
771 3343 977 3409 Britanniam
987 3368 1059 3430 quse
1069 3357 1148 3413 tunc

166 3468 167 3471 ¹
217 3442 249 3513 2'„
338 3444 368 3525 “fs
405 3438 420 3499 ἱ,
445 3441 618 3506 Armorica
642 3442 710 3507 sive
735 3441 874 3507 Letavia
898 3443 1087 3511 dicebatur:
1111 3455 1148 3510 ut

158 3560 170 3605 ί,
242 3546 307 3599 ἑ
337 3530 363 3549 ”
442 3540 860 3605 auxiliumaoonfratribus
876 3543 944 3606 suis
955 3545 1147 3625 postularet.

234 3652 276 3730 ’
304 3650 336 3685 ὲ
374 3660 412 3684 -1
445 3637 621 3724 Regnabat
630 3647 709 3703 tuno
724 3640 759 3701 in
774 3639 830 3702 illa
844 3638 1149 3726 Aldrciinus,quar·

144 3749 199 3804 tus
214 3761 235 3804 a
253 3734 400 3812 Oonano,
417 3738 469 3801 cui
480 3736 705 3802 Maximianus
716 3738 948 3822 regnum-illud
960 3739 1148 3820 donaverat,
1187 3726 1190 3744 ¹

145 3840 230 3904 sicut
252 3839 323 3921 jam
348 3836 541 3920 praedictum
567 3843 627 3898 est.
675 3833 743 3914 Qui
758 3836 828 3899 viso
842 3843 944 3901 tantas
958 3843 1151 3908 reverentia

145 3938 227 4013 viro,
238 3937 331 4000 illum
343 3957 417 3998 oum
431 3937 555 4000 honore
570 3933 707 4017 excepit,
720 3953 915 4018 causamque
930 3936 1087 4002 adventus
1100 3943 1151 4006 sui

146 4036 323 4120 inquisivit.
372 4033 436 4098 Oui
460 4032 697 4097 Guethelinus:
730 4031 853 4096 “Satis
875 4041 967 4116 patet
989 4037 1151 4106 nobilitati

147 4143 222 4209 tuae,
239 4145 272 4199 et
286 4143 321 4198 te
337 4134 371 4196 in
394 4133 508 4197 fletum
533 4151 666 4194 movere
681 4138 790 4212 potest
812 4130 954 4208 miseria,
971 4155 1069 4216 quam
1091 4159 1151 4200 nos

999 4253 1022 4294 a
