2848 4888
266 471 325 531 128
594 487 706 532 amru.
721 485 962 530 uorunnrnnsrs

263 632 371 697 soria:
399 632 457 697 sed
480 651 601 697 cornua
624 653 684 697 sua
708 633 743 696 in
768 652 880 694 muros
905 628 1044 697 Oxoniae
1070 627 1268 715 confringet.

264 729 449 794 vindicabit
471 731 598 794 leonem
622 731 736 814 vulpes
764 727 975 803 Kaerdubali,
1002 736 1036 791 et
1064 734 1172 792 totum
1198 727 1271 792 suis

264 828 416 893 dentibus
436 836 615 893 consumet.
662 827 904 912 circumcingat
923 826 1012 890 illam
1033 825 1271 890 Lindocolinus

263 927 405 1002 coluber,
420 927 692 1011 prasentiamque
707 947 800 990 suam
816 925 1010 989 draconibus
1030 924 1141 987 multis
1161 924 1271 987 horri-
1310 955 1312 958 ·

262 1023 321 1088 bili
341 1024 434 1090 sibilo
454 1025 640 1090 testabitur.
688 1023 951 1108 Congredientur
973 1022 1088 1086 deinde
1109 1023 1271 1086 dracones

263 1130 302 1186 ut
316 1123 399 1187 alter
414 1125 554 1189 alterum
569 1122 733 1188 dilaniet?
778 1120 953 1206 Opprimat
973 1121 1081 1184 alatus
1101 1129 1271 1184 carentem

263 1219 322 1284 alis
343 1230 377 1285 et
396 1244 523 1308 ungues
543 1223 577 1287 in
596 1243 697 1308 genas
720 1229 896 1286 venenatas
922 1219 1073 1306 configet.
1118 1217 1175 1282 Ad
1198 1240 1270 1283 cer-

262 1327 373 1384 tamen
409 1322 601 1386 convenient
636 1321 712 1385 alii:
758 1327 791 1384 et
822 1319 904 1383 alius
941 1318 1042 1382 alium
1079 1317 1266 1382 interficiet.

263 1419 423 1486 Succedet
438 1421 572 1505 quintus
591 1419 794 1495 interfectus,
816 1417 964 1483 residuos
988 1417 1125 1482 diversis
1144 1417 1268 1481 machi-

261 1519 447 1584 nationibus
481 1519 672 1604 confringet.
736 1517 960 1582 Transcendet
998 1516 1132 1582 dorsum
1169 1515 1267 1580 unius

262 1638 336 1681 cum
350 1617 469 1702 gladio,
483 1625 517 1681 et
531 1625 629 1702 capnt
643 1639 664 1681 a
674 1637 811 1700 corpore
826 1616 1001 1699 separabit,
1049 1613 1162 1678 Exuta
1176 1622 1269 1678 veste

261 1716 414 1779 ascendet
437 1717 547 1791 alium,
573 1725 606 1780 et
621 1715 790 1780 dexteram
805 1715 915 1779 cauda
935 1715 1116 1797 laevamque
1130 1712 1268 1796 injiciet.

263 1813 438 1898 Superabit
467 1835 542 1878 eum
568 1814 687 1889 nudus,
714 1834 789 1876 cum
814 1813 896 1876 nihil
919 1813 1055 1877 indutus
1081 1811 1267 1896 proficeret.

262 1911 399 1977 Ceteros
413 1912 626 1977 tormentabit
646 1912 788 1988 adorso,
811 1919 844 1976 et
863 1912 898 1974 in
912 1911 1149 1976 rotunditatem
1171 1909 1269 1995 regni

260 2011 441 2094 compellet.
491 2009 708 2094 superveniet
730 2010 783 2075 leo
805 2010 951 2096 rugiens,
976 2007 1109 2072 immani
1132 2008 1269 2073 feritate

259 2109 434 2174 timendua
483 2107 549 2173 Ter
570 2109 715 2193 quinque
740 2109 906 2193 portiones
930 2109 965 2171 in
987 2129 1088 2172 unum
1111 2107 1268 2173 reducet:

260 2216 294 2271 et
314 2208 403 2272 solus
417 2207 597 2291 possidebit
611 2209 778 2292 populum.
827 2206 1018 2291 Splendebit
1041 2205 1133 2292 gigas
1158 2207 1268 2272 colore

259 2306 364 2380 niveo,
389 2306 485 2369 etad
506 2305 679 2369 candidum
699 2306 856 2389 populum
875 2305 1082 2390 germinabit.
1130 2303 1269 2368 Deliciae

258 2403 420 2488 principes
435 2405 658 2468 enarrabunt:
681 2412 715 2467 et
731 2404 830 2468 subiti
849 2403 883 2467 in
902 2405 1015 2468 beluas
1037 2404 1266 2470 mutabuntur.

261 2501 399 2569 Orietur
413 2502 447 2565 in
467 2502 530 2565 illis
553 2502 604 2567 leo
623 2503 767 2566 humano
789 2523 905 2566 cruore
928 2502 1091 2588 turgidus.
1139 2502 1268 2587 Suppo-

259 2610 357 2666 netur
372 2601 402 2666 ei
422 2601 456 2663 in
472 2609 582 2685 segete
602 2601 750 2666 falcifer:
774 2601 831 2686 qui
851 2602 931 2665 dum
948 2601 1109 2666 laborabit
1128 2609 1265 2677 metere,

259 2700 460 2783 opprimetur
475 2700 516 2764 ab
531 2700 597 2763 illo.
646 2698 781 2763 Sedabit
796 2699 868 2764 illos
891 2696 1107 2764 Eboracensis
1128 2700 1266 2786 auriga:

259 2798 459 2881 expulsoque
485 2797 615 2861 domino
641 2798 675 2860 in
699 2819 832 2861 currum
856 2819 953 2881 quem
984 2797 1074 2862 ducit
1099 2801 1265 2866 ascendet.

259 2895 436 2960 Abstracto
447 2895 555 2979 gladio
566 2895 743 2960 minabitur
757 2895 903 2962 Orienti:
927 2905 960 2960 et
971 2904 1119 2961 rotarum
1131 2919 1267 2962 suarum

258 2995 396 3080 vestigia
431 2994 570 3078 replebit
608 2995 776 3080 sanguine.
830 2994 904 3059 Fiet
943 2995 1061 3061 deinde
1096 2998 1195 3082 piscis
1232 2999 1267 3063 in

259 3113 400 3175 aquare,
422 3092 479 3176 qui
494 3091 588 3157 sibilo
604 3093 765 3176 serpentis
781 3089 963 3170 r'evccatus,
989 3094 1088 3159 coibit
1108 3116 1182 3159 cum
1196 3096 1264 3161 illo.

259 3190 447 3255 Nascantur
461 3188 538 3252 inde
558 3197 628 3254 tres
648 3191 736 3254 tauri
755 3190 973 3276 fulgurantes,
992 3191 1049 3276 qui
1065 3194 1266 3276 consumptis

258 3288 388 3374 pascuis
425 3295 657 3352 convertentur
694 3288 728 3351 in
765 3290 910 3354 arbores.
958 3288 1111 3354 Gestabit
1140 3291 1265 3374 primus

258 3386 422 3472 flagellum
451 3385 629 3470 vipereum,
660 3393 693 3450 et
719 3407 739 3450 a
761 3395 837 3470 post
865 3387 977 3473 genito
1008 3388 1142 3452 dorsum
1168 3411 1265 3454 suum

259 3486 410 3550 divertet.
449 3482 586 3548 Nitetur
596 3484 665 3568 ipse
675 3484 838 3569 flagellum
851 3485 996 3570 eripere:
1020 3486 1077 3551 sed
1091 3488 1132 3551 ab
1148 3488 1265 3552 ultimo

258 3583 462 3667 corripietur.
509 3581 672 3646 Avertent
708 3591 823 3647 mutuo
860 3605 881 3647 a
918 3605 989 3649 sese
1018 3584 1129 3661 facies,
1160 3587 1265 3652 donec

257 3688 453 3746 venenatum
474 3680 630 3764 scyphum
653 3680 869 3764 projecerint:
892 3682 1044 3746 succedet
1067 3683 1097 3747 ei
1119 3683 1264 3750 Colonus

259 3777 415 3854 Albania,
432 3777 521 3842 cuia
538 3778 635 3843 dorso
652 3778 831 3844 imminebit
846 3801 990 3864 serpens.
1036 3780 1175 3847 Vacabit
1194 3784 1265 3868 ipse

256 3878 408 3941 tellurem
436 3876 638 3953 subvertere,
668 3885 707 3940 ut
735 3877 851 3961 patria
888 3879 1053 3963 segetibus
1091 3881 1262 3948 candeant.

258 3972 438 4039 Laborabit
459 3995 592 4059 serpens
611 3997 773 4040 venenum
793 3975 994 4042 diffundere:
1017 3998 1059 4042 ns
1087 3980 1196 4061 herba
1227 3980 1264 4045 in

257 4093 379 4137 merses
399 4072 600 4156 proveniant.
647 4072 756 4137 Letali
775 4069 865 4138 clade
886 4073 1013 4140 deficiet
1039 4077 1199 4160 populus:
1226 4087 1264 4143 et

257 4170 374 4234 moenia
399 4170 529 4233 urbium
560 4171 803 4236 desolabuntur.
850 4171 996 4237 Dabitur
1021 4174 1055 4238 in
1081 4176 1263 4242 remedium
