2872 4876
389 459 545 505 rusronrn
558 458 726 504 suanam.
741 457 802 500 nm.
817 456 874 501 xn.
1077 439 1133 498 221

131 604 206 668 dum
218 626 239 668 a
249 604 406 690 praedicto
419 602 563 679 Peanda,
576 604 611 667 in
621 604 692 667 loco
704 603 762 687 qui
779 609 916 666 vocatur
937 599 1133 676 Hevenfeld,

130 703 250 780 idest,
282 704 411 767 celestis
441 723 583 786 campus,
615 702 756 784 quadam
785 709 880 764 nocte
910 701 1134 766 obsideretur:

131 804 235 867 erexit
260 802 382 866 ibidem
402 822 531 864 crucem
552 799 684 873 domini,
716 808 750 863 et
764 799 1037 864 commilitonibus
1068 799 1134 863 suis

131 901 259 976 indixit,
290 909 329 963 ut
359 921 512 983 suprema
540 920 619 963 voce
645 899 679 960 in
704 899 773 961 haec
809 899 910 962 verba
939 899 1135 962 clamarentz

132 997 316 1062 Flectamus
328 1019 435 1083 genua
446 1017 568 1071 omnes,
585 1005 619 1060 et
634 995 745 1059 Deum
757 996 1010 1079 omnipotentem
1024 997 1135 1060 vivum

132 1106 163 1160 et
177 1119 293 1161 verum
309 1097 342 1158 in
363 1117 532 1158 commune
552 1095 772 1177 deprecemur,
794 1102 832 1157 ut
853 1115 911 1157 nos
928 1095 968 1158 ab
990 1095 1136 1158 exercitu

132 1196 271 1279 superbo
302 1194 486 1258 Britannici
514 1193 612 1277 regis,
644 1201 677 1256 et
707 1193 853 1276 ejusdem
881 1192 1014 1256 nefandi
1045 1193 1135 1257 ducis

134 1291 274 1357 Peandae
290 1292 463 1356 defendat:
488 1291 549 1354 scit
564 1291 652 1353 enim
665 1291 746 1373 ipse,
763 1290 841 1373 quia
851 1289 944 1373 justa
958 1312 1017 1373 pro
1030 1292 1135 1355 salute

132 1392 238 1476 gentis
255 1399 377 1455 nostrae
391 1391 477 1455 bella
492 1389 703 1473 suscepimus.
751 1389 913 1452 Fecerunt
929 1410 1007 1472 ergo
1024 1411 1135 1454 omnes

132 1499 169 1553 ut
185 1491 353 1574 jusserat:
377 1498 411 1553 et
435 1489 481 1552 sic
506 1488 679 1572 incipiente
706 1487 847 1551 diluculo
872 1487 907 1549 in
926 1488 1037 1552 hostes
1060 1510 1135 1573 pro·

132 1589 247 1674 gressi,
271 1590 370 1673 juxta
395 1609 463 1652 suae
482 1588 559 1652 fidei
584 1589 738 1651 meritum
762 1588 899 1651 victoria
928 1589 1023 1671 potiti
1050 1597 1135 1654 sunt,

135 1687 233 1766 Quod
248 1697 287 1750 ut
304 1686 504 1750 Oadwalloni
519 1686 708 1749 nunciatum
723 1686 797 1760 fuit,
813 1686 879 1748 acri
892 1686 941 1748 ira
955 1687 1135 1770 ignescens,

134 1787 263 1872 collegit
278 1785 458 1849 exercitum
473 1805 579 1858 suurn,
601 1793 635 1847 et
650 1791 797 1848 sanctum
812 1805 922 1869 regem
945 1784 1137 1850 Oswaldum

133 1887 327 1970 insequutus
348 1892 416 1947 est:
440 1890 474 1946 et
497 1882 613 1946 collato
640 1883 762 1967 praelio,
789 1882 823 1945 in
846 1883 917 1946 loco
943 1885 1000 1967 qui
1024 1884 1137 1950 Burne

133 1992 278 2058 vocatur,
295 1982 392 2045 irruit
407 1981 441 2044 in
456 2002 531 2046 eum
543 1979 677 2044 Peanda
692 1989 791 2064 atque
805 1981 980 2047 interfecit.

135 2242 220 2324 §IL
243 2260 356 2302 oswrns
386 2259 461 2301 rosr
490 2257 663 2301 oswaunuu
686 2259 749 2300 anx
779 2259 904 2314 riorus,
935 2261 1137 2305 emulemur

521 2364 557 2406 sn
579 2364 752 2406 susurrum.

188 2668 196 2684 '
262 2663 372 2785 vj*
433 2703 574 2765 regnum
621 2682 989 2750 Northanhumbrorum
1033 2688 1138 2754 frater

176 2865 180 2875 1
253 2773 282 2875 ;“
434 2780 505 2862 ejus
534 2780 676 2858 Oswius,
705 2784 761 2866 qui
788 2785 892 2848 multa
912 2786 1046 2851 donaria
1066 2789 1138 2851 auri

434 2885 468 2942 et
482 2881 609 2964 argenti
627 2879 827 2945 Cadwalloni
841 2883 904 2947 toti
920 2885 989 2967 jam
1006 2884 1138 2950 Britan-

172 2999 174 3006 >
302 2974 342 3012 '¹⁴¹³
355 2980 376 3012 ‘l'
434 2976 498 3040 nite
535 2977 708 3062 imperanti
746 2979 880 3056 donans
917 3004 1030 3066 pacem
1066 2985 1137 3069 ejus

137 3073 273 3157 adeptus
289 3081 349 3148 est,
370 3080 404 3137 et
423 3096 494 3138 sese
514 3077 574 3158 ipsi
601 3078 763 3154 submisit,
809 3078 880 3143 Nec
904 3103 1005 3157 mora,
1031 3084 1138 3148 insur-

136 3179 294 3236 rexerunt
308 3172 343 3234 in
369 3193 443 3236 eum
464 3173 613 3239 Alfridus
639 3176 744 3240 frater
764 3179 834 3261 ejus
861 3188 895 3243 et
916 3180 1139 3247 Ethelwaldus
1230 3214 1233 3222 ¹

136 3273 221 3336 filius
250 3271 365 3334 fratris
396 3271 477 3355 ejus
534 3272 599 3337 Sed
629 3297 702 3339 curn
731 3287 879 3359 perstare
904 3281 1137 3363 nequivissent,

135 3373 336 3457 diffugerunt
351 3371 393 3434 ad
408 3370 576 3436 Peandam
595 3395 708 3458 regem
725 3374 941 3451 Merciorum,
957 3379 1063 3462 ipsum
1078 3382 1138 3444 im·

136 3471 313 3553 plorantes,
330 3477 367 3530 ut
379 3470 513 3534 collecto
529 3473 676 3536 exercitu
692 3495 765 3536 cum
781 3475 828 3538 eis
843 3482 935 3538 trans
952 3475 1139 3541 Humbrum

137 3568 214 3632 iret:
230 3567 365 3652 regique
379 3567 491 3632 Oswio
502 3591 640 3655 regnum
653 3593 746 3635 suum
757 3573 913 3638 auferret.
947 3573 994 3638 At
1007 3574 1141 3643 Peanda

51 3737 54 3743 ,
136 3667 255 3730 timens
270 3688 382 3749 pacem
397 3666 584 3752 infringere,
607 3691 704 3752 quam
726 3692 785 3734 rex
810 3670 973 3736 Oadwallo
995 3695 1054 3757 per
1068 3697 1141 3762 reg-

137 3785 216 3828 num
238 3763 418 3828 Britannia
438 3773 610 3842 statuerat,
637 3767 765 3831 distulit
787 3768 857 3832 sine
882 3770 1013 3835 licentia
1037 3774 1140 3858 ipsius

138 3862 405 3945 inquietationem
420 3863 573 3947 incipere,
591 3865 693 3928 donec
712 3866 804 3928 illum
820 3867 1039 3950 aliquomodo
1062 3873 1141 3937 inci-

139 3969 243 4025 taret:
266 3969 305 4022 ut
330 3962 379 4024 vel
405 3961 531 4044 ipsein
557 3962 706 4027 Oswium
729 3986 839 4049 regern
863 3966 1058 4054 insurgeret,
1089 3973 1142 4036 vel

141 4059 200 4123 sibi
215 4080 289 4122 cum
305 4079 343 4122 eo
360 4060 590 4144 congrediendi
606 4061 729 4145 copiam
741 4063 941 4130 concederet.
990 4066 1141 4146 Quadam

141 4155 241 4242 igitur
258 4158 451 4254 solennitate
468 4157 691 4236 Pentecostes,
712 4182 786 4225 cum
807 4183 865 4226 rex
889 4163 1054 4232 Cadwallo
1075 4169 1141 4234 dia
