2862 4870
411 449 827 494 msroernaue.ua1r.u1e.
843 449 886 492 rr.
1110 425 1151 486 65

237 726 244 741 .
267 696 543 742 clamememus
564 695 795 742 elswusussus
815 693 921 740 Pacem
942 691 1110 735 ninom.

153 836 225 906 ἱ(
238 880 254 884 γ
278 819 303 844 ’·
361 898 374 901 ἡ
447 808 491 872 IS
517 810 620 895 igitur
648 809 814 896 inspectis,
839 806 1010 872 consilinm
1038 803 1153 869 habuit

336 926 360 965 i
448 907 554 973 Julius
579 907 690 972 Caesar
716 929 737 973 a
765 906 981 971 familiaribus
1007 903 1085 981 suis,
1110 923 1153 966 no

290 1036 315 1064 Ὢ
345 1032 351 1049 2

188 1128 218 1193 J?
259 1148 260 1151 κ
287 1161 296 1185 ,
343 1106 395 1211 Q
444 1105 592 1168 tanniam
607 1105 723 1180 adiret,
738 1104 804 1168 nisi
825 1104 909 1168 tales
929 1101 1152 1186 dirigerentur

257 1272 264 1281 ί
289 1280 297 1285 ἢ
386 1277 401 1281 Δ,
446 1203 586 1279 obsides,
602 1203 718 1286 quibus
734 1202 879 1267 securius
901 1200 1064 1284 applicare
1080 1195 1150 1282 qui·

153 1308 172 1315 '
285 1290 332 1329 '³'-
445 1301 556 1365 visset.
603 1299 674 1364 Nec
687 1321 790 1376 mora,
801 1299 891 1364 misit
906 1299 937 1363 ei
952 1296 1148 1381 Androgeus

138 1394 287 1459 Scaevam
301 1395 404 1458 filium
415 1417 509 1462 suum
525 1406 559 1462 et
573 1397 703 1482 triginti
718 1397 844 1463 nobiles
855 1397 994 1480 juvenes
1011 1414 1053 1458 ex
1073 1396 1149 1478 cog-

139 1492 275 1557 natione
291 1513 350 1557 sua
362 1496 571 1580 propinquos.
618 1495 717 1560 Datis
733 1517 812 1581 ergo
826 1494 994 1559 obsidibus
1015 1511 1148 1557 securus

9 1645 10 1660 ,
135 1591 243 1656 factus
271 1599 324 1654 est
352 1591 472 1669 Caesar,
496 1594 721 1678 revocatisque
747 1592 887 1658 catervis
909 1611 982 1655 cum
1003 1591 1149 1654 instante

138 1699 237 1754 vento
260 1689 297 1753 in
324 1689 449 1776 Rutupi
474 1703 607 1777 portum
632 1693 796 1776 applicuit.
843 1689 975 1754 Interea
998 1689 1149 1754 obsidere

135 1790 315 1873 incipiebat
332 1789 594 1857 Cassibellaunus
608 1793 723 1856 urbem
741 1790 979 1855 Trinoventum
999 1797 1033 1853 et
1053 1789 1148 1852 villas

134 1889 352 1970 provinciales
367 1898 508 1956 vastare.
556 1890 624 1955 Sed
645 1912 720 1954 oum
737 1889 815 1954 Julii
830 1887 1004 1953 adveutum
1018 1907 1147 1973 compe·

134 1984 244 2060 risset,
262 1985 409 2051 deseruit
424 1987 636 2064 obsidionem,
652 1997 687 2052 et
697 1986 889 2071 imperatori
903 1986 1037 2050 obviare
1051 1985 1145 2050 festi-

9 2107 10 2124 *
134 2084 235 2148 navit.
284 2083 333 2147 Ut
358 2106 438 2171 ergo
464 2087 581 2150 vallem
604 2108 706 2170 prope
730 2084 974 2150 Doroberuiam
995 2085 1144 2161 intravit,

9 2215 10 2228 κ
135 2181 265 2266 aspexit
281 2181 315 2244 in
330 2183 445 2246 eadem
461 2183 688 2249 Romanorum
708 2183 889 2248 exercitum
903 2190 1013 2246 eastra
1027 2189 1061 2244 et
1075 2188 1146 2245 teu·

135 2281 223 2343 toria
236 2289 425 2363 ponentem.
471 2281 668 2346 Adduxerat
688 2283 775 2346 enim
795 2301 851 2346 eos
874 2279 1072 2365 Androgeus
1086 2279 1148 2344 ibi-

139 2377 211 2440 dem
228 2387 266 2442 ut
282 2378 348 2442 illic
363 2381 527 2444 oecultum
547 2381 706 2465 impetum
727 2380 804 2445 urbi
829 2379 1029 2464 ingererent.
1075 2376 1147 2443 Nec

136 2496 239 2552 mora,
257 2477 468 2542 advertentes
478 2479 620 2543 Romani
637 2479 792 2543 Britoues
803 2476 1024 2561 supervenire,
1041 2497 1146 2540 armo

137 2582 258 2639 verunt
274 2595 347 2639 sese
362 2597 472 2661 ocyus,
488 2577 675 2662 militesque
691 2597 767 2640 suos
782 2597 841 2659 per
857 2583 1004 2639 catervas
1023 2582 1146 2639 statue-

136 2680 225 2736 runt.
273 2671 327 2736 Ex
342 2674 408 2738 alia
421 2695 499 2740 vero
514 2684 609 2761 parte
624 2676 724 2740 armis
736 2674 920 2739 induuntur
932 2672 1099 2749 Britoues‚
1112 2682 1146 2739 et

137 2792 208 2836 sese
223 2793 285 2855 per
298 2781 427 2838 turmas
442 2775 639 2840 consociant.
686 2773 734 2838 At
749 2773 947 2858 Androgeus
962 2793 1037 2835 cum
1052 2773 1146 2857 quin-

138 2893 202 2956 que
216 2871 350 2935 milibus
366 2882 566 2937 armatorum
579 2873 615 2937 in
632 2892 736 2957 prope
759 2872 823 2936 sito
845 2891 980 2935 nemore
1004 2871 1144 2949 delituit,

139 2971 225 3034 utin
241 2970 403 3033 auxilium
419 2971 543 3035 Oaesari
559 2993 743 3048 occurrens,
759 2971 917 3035 furtivam
940 2977 973 3033 et
994 2969 1148 3053 improvi-

138 3068 688 3151 samirruptiouemOassibellauno
697 3069 922 3152 consociisque
931 3069 1003 3152 ejus
1012 3069 1146 3134 faceret.

142 3166 188 3231 Ut
201 3167 314 3250 itaque
338 3167 416 3231 hinc
439 3177 472 3232 et
497 3169 574 3234 inde
599 3178 831 3244 convenerunt,
857 3190 923 3232 nou
950 3167 1149 3252 distulerunt

140 3266 288 3329 mortalia
313 3265 380 3330 tela
404 3267 564 3343 emittere,
591 3290 651 3333 nec
665 3269 812 3332 letiferos
836 3267 921 3331 ictus
937 3267 1147 3351 ingeminare.

143 3362 352 3427 Concurrunt
367 3365 512 3429 adversae
525 3373 678 3430 catervae:
702 3374 736 3430 et
744 3366 881 3429 multum
893 3365 1019 3428 cruoris
1031 3365 1150 3429 diffun-

144 3461 231 3525 dunt.
279 3460 467 3527 Considunt
482 3463 517 3526 in
537 3473 678 3547 utraque
692 3473 786 3547 parte
801 3463 974 3538 vulnerati,
996 3464 1149 3546 quemad-

144 3561 266 3623 modum
282 3561 317 3622 in
332 3569 490 3625 autumno
506 3564 661 3627 arborum
675 3562 764 3629 folia.
812 3563 896 3646 Ipsis
912 3562 1014 3645 igitur
1023 3562 1150 3626 irruen-

144 3657 225 3722 tibus
241 3659 412 3743 egreditur
428 3659 625 3745 Androgeus
642 3682 682 3724 ex
697 3682 850 3725 nemore:
875 3668 908 3724 et
919 3660 1022 3723 aciem
1039 3659 1149 3725 Cassi-

147 3755 292 3832 bellauni,
309 3779 349 3820 ex
363 3779 428 3840 qua
439 3766 546 3822 totum
561 3760 679 3823 bellum
690 3759 864 3843 pendebat,
879 3766 1004 3842 atergo
1013 3759 1148 3824 invadit.

150 3851 226 3917 Mox
245 3855 302 3918 illa
322 3855 356 3917 in
383 3877 449 3919 una
474 3866 568 3940 parte
591 3858 775 3941 irruptione
802 3856 1028 3920 Romanorum
1053 3860 1150 3940 paulo

151 3961 218 4015 aute
237 3961 384 4016 vastata:
408 3955 442 4017 iu
457 3955 521 4018 alia
536 3976 614 4018 vero
629 3977 649 4018 a
670 3955 855 4019 concivibus
871 3955 939 4018 suis
954 3954 1038 4018 miro
1053 3957 1151 4021 modo

151 4069 306 4132 oppressa,
331 4052 480 4135 nequivit
501 4054 675 4118 stationem
699 4054 816 4118 facere.
864 4053 960 4118 Unde
986 4054 1151 4138 dissipatis

154 4150 248 4227 sociis,
273 4160 407 4237 arrepta
421 4152 502 4236 fuga
522 4173 665 4236 campum
683 4154 847 4218 deserunt.
893 4152 1035 4218 Astabat
1050 4175 1151 4238 prope

1002 4270 1020 4312 r
