2848 4888
384 515 541 560 merorum
556 513 630 559 uno.
644 515 727 560 narr.
743 515 805 560 nm.
819 513 863 558 vr.
1081 495 1139 562 10⁷
1253 537 1259 546 ·

129 681 182 724 me
197 659 291 744 quod
310 659 487 735 desideras,
497 669 531 724 et
544 661 669 724 nullam
682 661 847 744 repulsam
862 659 1030 744 patieris.”
1077 657 1141 723 cui

130 758 289 822 inclinato
306 759 412 842 capite
426 760 550 845 gratias
566 760 633 843 egit
654 758 849 843 HengistuS,
872 767 906 822 et
920 758 986 823 ait:
1010 766 1030 794 ⁴‘
1043 756 1141 824 Dite-

132 858 175 920 sti
205 879 261 921 me
289 859 393 942 largis
430 859 653 922 mansionibus
683 867 716 922 et
745 859 844 942 agris,
874 879 934 921 nec
962 865 1073 921 tamen
1102 879 1141 922 eo

131 959 259 1021 honore
283 977 350 1039 quo
375 957 489 1020 ducem
510 957 674 1032 decuerat,
701 977 772 1020 curn
789 957 887 1020 duces
912 977 965 1018 me
979 976 1142 1040 progenu-

133 1057 229 1122 erint.
280 1054 413 1138 Quippe
432 1055 519 1119 inter
545 1065 655 1121 cetera
680 1056 788 1120 danda
813 1064 900 1120 esset
924 1055 1005 1118 mihi
1027 1055 1142 1121 civitas

134 1155 203 1218 sive
237 1154 406 1237 oppidum,
438 1162 476 1217 ut
500 1154 630 1239 dignior
658 1155 745 1218 inter
780 1175 933 1237 proceres
962 1151 1012 1218 tui
1048 1156 1143 1238 regni

134 1273 298 1316 censerer.
345 1250 501 1336 Dignitas
530 1273 672 1336 namque
709 1253 861 1327 consulis
890 1251 958 1316 sive
986 1252 1142 1336 principis

135 1349 323 1414 adhibenda
348 1359 444 1425 esset,
472 1373 513 1414 ex
535 1359 751 1434 utrorumque
770 1371 891 1436 genere
911 1349 1032 1414 edito.''
1079 1348 1143 1414 cui

135 1448 378 1534 Vortegirnus:
418 1448 642 1513 “Prohibitus
679 1471 752 1512 sum
788 1447 978 1530 hujusmodi
1007 1449 1143 1514 donaria

135 1547 229 1610 vobis
267 1548 392 1633 largiri,
424 1549 502 1632 quia
527 1548 718 1632 alienigenae
744 1546 823 1610 estis
853 1554 887 1609 et
916 1548 1045 1631 pagani,
1081 1569 1143 1614 nec

135 1645 243 1709 adhuc
260 1655 388 1710 vestros
408 1667 516 1710 mores
537 1654 571 1710 et
590 1644 843 1710 consuetudines
858 1665 1010 1729 agnosco,
1031 1655 1143 1712 utros
1161 1648 1163 1654 '

137 1745 327 1809 concivibus
341 1745 424 1809 meis
438 1744 621 1828 parificem:
644 1765 714 1818 nee,
729 1743 826 1807 sivos
841 1750 880 1806 ut
890 1743 1040 1826 proprios
1056 1745 1142 1810 cives

136 1845 387 1918 existimassem,
414 1843 591 1926 inciperem
614 1844 747 1918 donare,
774 1841 863 1924 quod
882 1862 1034 1925 proceres
1049 1845 1143 1930 regni

135 1943 199 2006 mei
251 1941 511 2005 dissuaderent.''
559 1939 622 2004 Oui
671 1939 878 2024 Hengistus:
925 1947 944 1974 “
959 1938 1142 2020 Ooneedess’

136 2042 257 2124 inquit,
283 2048 302 2075 “
315 2040 395 2103 mihi
412 2061 506 2104 servo
526 2047 595 2116 tuo,
616 2047 776 2123 quantum
796 2059 863 2102 una
882 2039 1023 2124 corrigia
1039 2042 1144 2124 possit

136 2139 257 2204 ambiri
277 2139 366 2201 intra
379 2146 503 2202 terram
518 2159 618 2221 qnam
638 2137 768 2212 dedisti,
795 2144 834 2200 ut
855 2129 976 2201 ibidem
990 2158 1143 2221 promon-

136 2239 262 2302 torium
289 2237 453 2310 aedificem,
485 2257 548 2318 quo
577 2256 640 2311 me,
670 2236 698 2300 si
728 2257 810 2319 opus
839 2235 951 2310 fuerit,
978 2236 1143 2320 recipiam.

138 2335 262 2400 Fidelis
284 2335 403 2398 etenim
424 2335 484 2399 tibi
505 2355 587 2410 sum,
615 2341 649 2397 et
668 2333 718 2397 fui
733 2342 767 2397 et
781 2355 859 2398 ero:
883 2341 917 2398 et
930 2333 965 2397 in
987 2333 1145 2401 fidelitate

138 2445 196 2502 tua
220 2457 294 2521 quae
321 2455 420 2520 agere
443 2433 603 2509 desidero,
634 2433 760 2497 faciam.
807 2431 925 2497 Motus
954 2433 1057 2518 igitur
1086 2455 1145 2498 rex

139 2535 241 2619 ipsius
257 2533 378 2608 verbis,
396 2533 540 2615 ejusdem
554 2532 705 2616 petitioni
720 2532 904 2616 acquievit:
927 2533 1145 2617 praecepitque

138 2634 266 2719 legatos
282 2651 369 2694 suos
383 2631 418 2693 in
444 2629 655 2694 Germaniam
674 2631 826 2696 mittere:
849 2639 888 2694 ut
907 2632 1027 2696 milites
1043 2653 1084 2695 ex
1107 2653 1146 2697 ea

139 2731 270 2795 invitati
286 2728 479 2793 festinatum
494 2729 650 2793 auxilium
666 2729 792 2794 darent.
840 2728 911 2793 Nec
927 2750 1029 2805 mora,
1045 2730 1147 2795 missa

138 2831 172 2892 in
189 2827 403 2892 Germaniam
417 2827 589 2912 legatione,
605 2827 692 2910 cepit
709 2827 892 2912 Hengistus
908 2828 1032 2891 corium
1047 2829 1147 2906 tauri,

140 2937 239 3012 atque
260 2927 369 3010 ipsum
389 2926 424 2988 in
448 2947 546 2989 unam
561 2926 735 3010 corrigiam
762 2925 900 3010 redegit.
948 2925 1036 2989 Exin
1052 2947 1146 2991 saxo-

142 3048 213 3090 sum
236 3027 344 3089 locum
371 3045 468 3107 quem
496 3024 639 3086 maxima
664 3023 793 3088 cautela
818 3025 972 3107 elegerat,
998 3024 1148 3090 circuivit

142 3147 214 3206 curn
244 3123 397 3208 corrigia,
429 3130 462 3185 et
493 3122 582 3186 intra
612 3123 753 3206 spatium
790 3131 949 3186 metatum
978 3124 1148 3187 castellum

142 3222 302 3287 aedificare
312 3221 416 3304 eoepit.
457 3219 557 3298 Quod
567 3229 605 3284 ut
617 3220 812 3286 aedificatum
827 3220 902 3296 fuit,
915 3221 1018 3284 traxit
1029 3242 1148 3286 nomen

142 3343 181 3385 ex
207 3319 360 3402 corrigia,
392 3318 469 3401 quia
498 3339 572 3381 cum
602 3340 641 3381 ea
663 3318 773 3382 fuerat
795 3327 964 3384 metatum.
1011 3317 1148 3383 Dictum

142 3440 284 3504 namque
297 3418 364 3481 fuit
378 3416 586 3500 postmodum
599 3416 790 3480 Britannice
804 3417 1019 3482 Kaercorrei:
1045 3417 1147 3482 Saxo-

142 3521 212 3583 nice
226 3539 306 3584 vero
324 3516 537 3582 Thaneastre.
585 3516 685 3596 Quod
701 3517 822 3582 Latino
838 3539 987 3583 sermone
1003 3527 1147 3584 castrum

145 3619 292 3704 corrigiae
307 3617 518 3700 appellamus.
