2862 4870
295 471 314 528 4
608 485 721 530 onnus.
744 487 986 531 uououurnners

296 631 413 694 mulier
428 652 577 714 puerum,
594 638 627 695 et
641 631 676 694 in
690 631 863 696 nativitate
878 632 949 716 ejus
963 639 1095 695 mortua
1109 638 1169 695 est.
1217 627 1300 694 Tra-
1387 668 1389 672 -
1429 593 1430 666 }

298 731 387 795 ditur
398 739 509 796 autem
523 732 578 795 ille
588 732 720 807 nutrici,
730 740 931 816 vocaturque
943 729 1081 796 Brutus,
1127 730 1302 795 Postremo

298 851 372 893 cum
394 838 446 893 ter
467 830 559 914 quini
579 830 656 893 anni
676 830 777 914 elapsi
797 839 917 906 essent,
934 829 1151 895 comitabatur
1169 827 1302 913 juvenis
1378 857 1380 860 ·

298 936 425 1010 patrem
439 927 474 991 in
485 928 643 1004 venando,
655 928 828 1012 ipsumque
838 927 970 1012 inopino
980 928 1049 991 ictu
1060 927 1189 1013 sagittae
1200 927 1302 990 inter-

298 1026 387 1090 fecit.
447 1024 536 1090 Nam
558 1047 631 1090 oum
657 1025 773 1090 famuli
794 1047 906 1090 cervos
935 1026 970 1089 in
995 1046 1166 1090 occursum
1188 1045 1303 1088 eorum

300 1125 466 1200 ducerent,
488 1124 615 1190 Brutus
630 1126 733 1191 telum
754 1125 789 1188 in
803 1125 891 1209 ipsos
906 1124 1047 1209 dirigere
1062 1124 1228 1197 affectans
1247 1143 1304 1207 ge-

299 1223 440 1286 nitorem
462 1225 523 1288 sub
545 1232 677 1308 pectore
691 1224 862 1307 percussit.
910 1223 986 1302 Quo
1001 1230 1132 1288 mortuo
1147 1222 1303 1306 expulsus

300 1330 350 1386 est
364 1323 406 1386 ab
422 1321 528 1399 Italia,
540 1322 787 1408 indignantibus
799 1321 1047 1406 consanguineis
1057 1321 1165 1405 ipsum
1173 1328 1305 1384 tantum

300 1420 427 1484 facinus
442 1419 568 1484 fecisse.
615 1420 763 1484 Exulans
785 1441 864 1504 ergo
884 1420 986 1483 adivit
1011 1419 1190 1482 Graeciam:
1213 1419 1304 1484 inve-

301 1520 415 1604 nitque
441 1519 631 1604 progeniem
652 1517 774 1582 Heleni
790 1518 848 1580 filii
870 1516 1006 1593 Priami,
1025 1539 1098 1602 quae
1114 1519 1174 1580 sub
1195 1525 1305 1600 potes·

299 1625 369 1681 tate
381 1615 544 1680 Pandrasi
561 1615 753 1680 Groecorum
767 1616 856 1701 regis
865 1616 900 1680 in
909 1616 1102 1680 servitutem
1117 1615 1303 1679 tenebatur.

302 1713 452 1800 Pyrrhus
467 1715 587 1778 etenim
601 1714 739 1779 Achillis
753 1715 840 1778 filius
859 1723 935 1800 post
959 1714 1068 1798 Trojae
1091 1714 1305 1791 eversionem,

300 1814 492 1897 praedictum
515 1813 680 1877 Helenum
695 1815 942 1898 compluresque
957 1814 1038 1878 alios
1053 1835 1164 1878 secum
1185 1814 1220 1878 in
1234 1813 1306 1878 vin-
1429 1823 1430 1834 ¹

302 1913 383 1976 culis
398 1913 591 1976 adduxerat.
620 1911 666 1976 Et
681 1921 719 1976 ut
730 1934 842 1976 necem
853 1913 957 1997 patris
965 1913 1000 1975 in
1009 1913 1097 1997 ipsos
1112 1912 1304 1989 vindicaret,

300 2011 336 2073 in
364 2011 513 2094 captione
537 2010 642 2074 teneri
655 2011 657 2016 ’
671 2021 879 2094 praeceperat.
939 2008 1128 2096 Agnitaque
1158 2019 1307 2075 veterum

301 2109 481 2173 concivium
496 2107 657 2192 prosapia,
680 2117 827 2172 moratus
843 2116 893 2172 est
908 2105 1035 2172 Brutus
1050 2109 1139 2192 apud
1153 2129 1219 2174 eos.
1267 2108 1307 2172 ln

300 2216 428 2272 tantum
443 2216 553 2272 autem
568 2209 684 2272 militia
699 2216 732 2272 et
747 2207 910 2292 probitate
924 2207 1036 2293 vigere
1051 2208 1157 2291 coepit,
1173 2209 1220 2272 ita
1234 2218 1273 2273 ut
1288 2231 1308 2272 a

301 2307 434 2392 regibus
450 2316 484 2372 et
495 2307 631 2371 ducibus
640 2328 707 2390 prae
717 2307 805 2370 omni
815 2307 992 2390 juventute
1002 2306 1116 2389 patries
1128 2313 1305 2371 amaretur.
1429 2365 1430 2376 ,

303 2405 387 2472 Erat
402 2407 488 2471 enim
502 2407 588 2472 inter
603 2407 767 2491 sapientes
782 2405 929 2490 sapiens:
952 2405 1040 2469 inter
1053 2405 1224 2469 bellicosos
1238 2407 1307 2471 bel·
1365 2421 1368 2425 ·
1428 2411 1430 2490 l

301 2504 440 2570 licosus:
472 2513 506 2569 et
528 2503 685 2591 quicquid
704 2505 777 2569 auri
795 2504 847 2568 vel
866 2504 996 2589 argenti
1011 2503 1079 2568 sive
1100 2513 1308 2568 ornamento·
1428 2587 1430 2610 1

301 2626 376 2667 rum
399 2604 600 2688 acquirebat,
624 2611 732 2667 totum
756 2603 825 2666 suis
848 2602 1123 2667 commilitonibus
1139 2604 1306 2688 erogabat.
1429 2619 1430 2690 ᾗ

303 2700 485 2787 Divulgato
505 2701 618 2785 itaque
632 2723 691 2785 per
705 2701 876 2765 universas
897 2701 1046 2765 nationes
1069 2701 1171 2784 ipsius
1193 2701 1307 2767 fama:

304 2799 440 2885 Trojani
455 2807 622 2883 coeperunt
637 2800 678 2863 ad
693 2800 800 2882 ipsum
814 2794 996 2864 confluere:
1025 2810 1155 2865 orantes
1175 2808 1214 2865 ut
1236 2801 1309 2885 ipso
1428 2813 1430 2886 3¹

303 2902 386 2964 duce
409 2920 429 2962 a
455 2899 614 2963 servitute
639 2896 831 2964 Graecorum
845 2899 1086 2964 liberarentur:
1110 2901 1199 2985 quod
1213 2900 1310 2966 facile
1428 2903 1429 2972 ζ

303 3000 375 3063 fieri
397 2999 597 3072 asscrebant,
614 3019 687 3061 curn
701 2998 737 3060 in
751 3006 882 3061 tantum
892 2997 963 3082 jam
977 2999 1011 3062 in
1031 3000 1139 3083 patria
1152 3000 1309 3085 multipli-

304 3099 368 3162 cati
393 3104 512 3173 essent,
528 3096 576 3160 ita
598 3104 637 3160 ut
661 3105 785 3179 septem
808 3097 910 3160 millia
926 3097 1083 3181 (exceptis
1106 3098 1251 3182 parvulis
1276 3106 1310 3163 et
1428 3141 1429 3144 =

304 3196 509 3279 mulieribus)
516 3195 587 3278 jam
596 3203 872 3278 computarentur.
919 3194 1085 3260 Praeterea
1093 3203 1165 3260 erat
1176 3197 1311 3280 quidam
1428 3215 1429 3236 ³

304 3293 524 3359 nobilissimus
535 3293 667 3376 juvenis
681 3293 715 3355 in
732 3291 870 3369 Graeoia,
880 3295 1010 3358 nomine
1026 3293 1207 3359 Assaracus
1221 3319 1229 3359 :
1253 3297 1311 3380 qui
1412 3313 1428 3361 ,ὲ

305 3396 454 3481 partibus
469 3411 582 3457 eorum
598 3413 729 3477 quoque
744 3391 885 3460 favebat.
932 3393 986 3458 Ex
1010 3392 1155 3477 Trojana
1168 3415 1311 3478 namque
1426 3415 1428 3478 ζ

305 3502 411 3558 matre
434 3500 531 3556 natus
557 3500 650 3556 eret:
672 3491 891 3576 fiduciamque
912 3493 947 3555 in
971 3492 1035 3557 illis
1052 3494 1193 3557 habebat
1207 3495 1311 3557 maxi-
1427 3545 1428 3552 ,

305 3613 411 3657 mam:
434 3599 472 3655 ut
487 3590 608 3654 auxilio
629 3611 742 3654 eorum
762 3589 980 3674 inquietudini
1003 3590 1193 3655 Graecorum
1212 3592 1311 3657 resis-
1426 3581 1428 3658 J

305 3699 377 3755 tere
392 3689 561 3773 quivisset.
605 3685 779 3773 Arguebat
789 3689 875 3752 enim
890 3710 965 3753 eum
979 3689 1084 3753 frater
1093 3689 1164 3772 ejus
1176 3698 1312 3774 propter
1336 3761 1340 3767 ,

306 3790 371 3854 tria
386 3787 519 3852 castella
533 3809 605 3870 quae
620 3785 682 3870 ipsi
697 3787 840 3851 moriens
854 3797 948 3873 pater
963 3789 1152 3864 donaverat,
1169 3789 1258 3873 quod
1273 3810 1313 3854 ea
1426 3841 1427 3846 1

307 3886 438 3952 auferre
464 3886 662 3950 conabatur:
697 3885 775 3969 quia
800 3907 840 3949 cx
864 3887 1043 3951 concubina
1068 3895 1166 3951 natus
1189 3886 1310 3952 fuerat.
1426 3923 1427 3936 κ

308 3985 391 4049 Erat
400 3991 511 4048 autem
519 3982 623 4049 frater
638 3991 731 4067 putre
746 3992 780 4047 et
794 3991 899 4048 matre
912 3982 1062 4049 Graecus:
1086 3985 1313 4069 asciveratquc
1425 3979 1427 3988 ⁴

306 4107 418 4172 regern
433 4091 625 4166 ceterosque
641 4079 774 4145 Graecos
798 4083 885 4166 parti
911 4103 977 4146 suae
1000 4082 1157 4148 fautores.
1204 4082 1313 4167 Inspi-

306 4186 394 4251 oiens
415 4180 494 4268 ergo
517 4180 644 4245 Brutus
659 4189 694 4245 et
707 4181 853 4244 virorum
875 4181 1129 4258 multitudinem,
1153 4191 1188 4247 ct
1210 4180 1313 4249 Assa-
