2862 4870
280 449 319 510 14
597 469 708 513 omre.
730 469 983 515 uouuuuruusrs'

279 610 450 675 dederunt.
497 609 573 696 Ipse
595 612 722 678 Brutus
737 624 813 678 ante
835 637 926 679 aram
952 615 1033 679 Deae
1056 635 1114 678 vas
1137 613 1286 679 sacrificii

277 710 409 792 plenum
420 711 549 776 vincet
567 713 725 798 sanguine
740 713 883 777 candidae
899 735 1001 779 cervae
1024 714 1142 778 dextra
1156 721 1283 790 tenere,

277 817 386 872 erecto
395 810 489 873 vultu
505 809 547 873 ad
557 810 696 896 effigiem
707 812 861 888 numinis,
879 813 1044 876 silentium
1055 813 1090 876 in
1104 813 1173 877 haec
1183 811 1285 876 verba

279 907 428 972 dissolvit
445 932 499 972 :-

400 1017 479 1076 Diva
492 1027 594 1096 potens
608 1039 768 1090 nemorum,
782 1029 878 1080 terror
891 1020 1071 1080 silvestribus
1084 1020 1171 1100 apris,

441 1109 496 1168 Cui
509 1110 578 1169 licet
591 1110 749 1170 amfractus
761 1112 805 1171 ire
819 1133 872 1192 per
885 1113 1029 1185 aetherios,

400 1202 587 1282 Infernasque
600 1203 717 1275 domos3
738 1206 889 1265 terrestria
896 1206 966 1285 jura
978 1205 1099 1278 resolve,

440 1297 480 1356 Et
493 1296 540 1356 dic
554 1317 625 1376 quas
638 1307 731 1356 terras
744 1318 798 1357 nos
811 1297 944 1358 habitere
958 1298 1056 1358 velis?

399 1389 456 1448 Dio
469 1399 580 1448 certam
594 1389 700 1462 sedem,
715 1400 816 1470 quate
830 1393 989 1450 venerabor
1003 1392 1034 1450 in
1048 1411 1150 1463 aevum,

440 1483 507 1553 Qua
516 1481 571 1540 tibi
586 1481 728 1561 virgineis
741 1482 843 1542 dedico
856 1485 965 1564 templa
977 1483 1099 1544 choris?

320 1599 401 1664 Hac
415 1600 472 1663 ubi
486 1599 599 1664 novies
615 1599 708 1676 dixit,
731 1600 879 1666 circuivit
901 1623 992 1666 aram
1014 1610 1155 1685 quater:
1178 1602 1281 1667 fudit-

276 1715 339 1779 que
353 1697 475 1773 vinum,
492 1697 580 1780 quod
605 1697 749 1774 tenebat,
774 1698 809 1761 in
834 1699 962 1764 focum:
985 1709 1085 1783 atque
1106 1701 1282 1784 procubuit

275 1815 375 1879 supra
389 1796 505 1878 pellem
520 1817 633 1872 cervae,
657 1816 756 1880 quam
766 1805 843 1862 ante
857 1819 948 1862 aram
963 1799 1174 1863 extenderat:
1198 1799 1281 1864 invi-

274 1901 535 1977 tatoquesomno
556 1895 690 1960 tandem
705 1895 909 1961 obdormivit.
956 1897 1040 1962 Erat
1054 1905 1165 1962 autem
1187 1899 1280 1980 quasi

273 1991 356 2054 hora
369 1991 469 2055 tertia
491 1992 616 2057 noctis:
649 2011 714 2075 qua
736 1993 880 2056 dulciore
906 2015 1022 2078 sopore
1037 1995 1191 2058 mortales
1205 2016 1280 2077 pre-

274 2097 428 2154 muntur:
450 2098 531 2154 tune
545 2091 653 2154 visum
667 2099 719 2155 est
733 2091 781 2154 illi
797 2090 904 2156 Deam
919 2093 1051 2156 adstare
1063 2101 1140 2156 ante
1160 2093 1278 2176 ipsum,

274 2194 309 2252 et
321 2208 395 2253 sese
409 2188 444 2252 in
458 2190 546 2254 hunc
560 2190 695 2254 modum
709 2191 819 2254 affari:

356 2311 447 2372 Brute
460 2313 513 2372 sub
528 2334 631 2373 occasu
644 2314 711 2373 solis
725 2324 806 2373 trans
822 2313 935 2374 Gallica
948 2335 1051 2394 regna,

395 2404 494 2464 Insula
506 2406 539 2464 in
554 2407 672 2466 Oceano
686 2417 730 2466 est
743 2407 869 2486 undique
883 2407 981 2466 clausa
993 2408 1084 2467 mari:
1104 2452 1107 2460 .

354 2496 453 2556 Insula
464 2497 497 2556 in
511 2499 628 2558 Oceano
641 2508 686 2558 est
699 2499 832 2558 habitata
846 2499 1023 2578 Gigantibus
1037 2500 1114 2571 olim,

394 2589 480 2648 Nunc
493 2590 609 2649 deserta
623 2590 747 2669 quidem,
759 2591 897 2670 gentibus
910 2601 980 2671 apta
992 2592 1061 2652 tuis.

353 2682 440 2741 Hanc
453 2691 537 2760 pete;
558 2703 682 2762 namque
695 2683 750 2742 tibi
764 2683 846 2743 sedes
860 2684 916 2743 erit
929 2684 981 2744 illa
993 2685 1130 2766 perennis
1146 2706 1153 2744 :

393 2774 453 2833 Hic
466 2774 517 2833 fiet
531 2775 608 2833 natis
621 2775 714 2834 ultera
729 2775 818 2854 Troja
830 2775 899 2836 tuis.

353 2865 412 2924 Hic
426 2865 462 2924 de
475 2865 555 2943 prole
569 2876 621 2925 tua
634 2887 719 2944 reges
733 2877 906 2928 nascentur:
928 2867 1042 2948 stipsis

394 2957 496 3017 Totius
509 2968 595 3018 terrae
609 2959 741 3018 subditus
754 2959 834 3018 orbis
846 2959 911 3020 erit

317 3075 389 3140 Tali
404 3076 528 3140 visione
540 3076 789 3162 expergefactus
816 3079 893 3154 dux,
918 3079 953 3141 in
977 3078 1076 3143 dubio
1096 3081 1216 3144 mansit
1233 3102 1277 3144 an

272 3195 405 3238 somnus
427 3175 538 3240 luerat
552 3194 649 3258 quem
672 3176 774 3240 vidit:
805 3198 848 3239 an
873 3175 948 3240 Dea
971 3178 1045 3242 viva
1067 3178 1187 3254 fuerat,
1204 3197 1277 3261 quae

271 3271 468 3356 predixerat
481 3281 604 3337 terram
620 3293 718 3357 quam
743 3273 893 3338 aditurus
920 3283 1001 3339 erat.
1048 3275 1182 3342 Vocatis
1203 3285 1276 3340 tan-

271 3370 346 3434 dem
361 3369 456 3434 sociis
471 3371 626 3435 indicavit
651 3392 709 3455 per
736 3372 884 3436 ordinem
904 3373 993 3455 quod
1016 3373 1079 3437 sibi
1102 3374 1277 3440 dormienti

271 3469 464 3554 contigerat.
515 3468 563 3534 At
588 3469 635 3532 illi
658 3471 801 3533 maximo
829 3470 950 3554 guadio
980 3471 1164 3536 exultantes
1198 3474 1275 3536 hor-

269 3575 384 3632 tantur
398 3577 437 3631 ut
448 3568 591 3632 adnaves
605 3567 820 3652 repedarent3
845 3577 879 3633 et
893 3568 971 3632 dum
984 3571 1145 3634 secundus
1156 3581 1276 3638 ventus

269 3663 374 3742 flaret,
388 3666 552 3730 citissimis
572 3667 650 3731 velis
673 3688 822 3730 occasum
836 3689 951 3732 versus
974 3677 1069 3733 eant:
1103 3669 1146 3733 ad
1169 3670 1276 3753 iuqui-

269 3765 408 3828 rendum
423 3765 511 3847 quod
526 3765 602 3829 diva
616 3766 845 3849 spoponderat.
904 3766 937 3830 N
939 3789 975 3832 ec
1000 3789 1102 3844 mora,
1127 3778 1275 3832 remeant

269 3862 312 3926 ad
323 3863 438 3938 sociae,
449 3863 617 3947 altumque
632 3863 879 3948 ingrediuntur:
903 3874 937 3928 et
953 3867 1116 3931 sulcantes
1132 3885 1274 3949 equora,

269 3982 367 4024 cursu
376 3961 515 4045 triginta
526 3962 819 4026 dierumvenerunt
828 3964 871 4026 ad
881 3961 1043 4030 Africam:
1059 3965 1160 4028 nescii
1170 3964 1274 4029 adhue

268 4079 426 4142 quorsum
451 4080 566 4143 proras
589 4068 766 4125 verterent.
813 4060 944 4126 Deinde
958 4073 1120 4128 venerunt
1143 4063 1185 4127 ad
1199 4085 1274 4128 aras

270 4156 493 4234 Philanorum,
511 4157 601 4222 etad
620 4159 725 4223 locum
752 4158 956 4227 Salinarumz
980 4170 1014 4226 et
1036 4163 1274 4248 navigaverunt
