2848 4888
283 477 343 539 150
605 501 717 542 crura
740 500 982 543 uouunnmusm

279 642 508 724 plecterentur.
554 641 708 728 Denique
730 643 908 728 pacificatis
934 643 1193 728 Aquilonaribus
1212 662 1290 726 pro-

280 739 404 814 vinciis,
442 740 503 804 ivit
539 741 765 808 Londoniam:
804 743 972 827 jussitque
1007 742 1127 807 ibidem
1167 739 1290 806 Octam

279 843 379 920 atque
395 836 517 902 Eosam
531 840 566 903 in
581 861 711 905 carcere
726 842 861 905 servari.
909 841 1008 905 Festo
1028 841 1128 904 etiam
1141 837 1289 923 paschali

280 938 548 1020 superveniente3
582 941 737 1024 praecepit
760 941 949 1023 proceribus
972 941 1066 1024 regni
1089 939 1124 1001 in
1151 936 1290 1002 eandem

279 1037 395 1100 urbem
413 1037 656 1111 convenirent
681 1047 811 1121 sumpto
835 1038 1018 1102 diedemate
1042 1045 1175 1101 tantum
1201 1036 1291 1100 diem

280 1157 354 1200 cum
382 1137 508 1200 honore
536 1136 726 1201 celebraret.
777 1135 964 1202 Par-verunt
993 1158 1073 1222 ergo
1102 1135 1222 1211 cuncti,
1253 1142 1290 1198 et

279 1236 399 1300 diversi
413 1256 454 1298 ex
470 1234 607 1298 diversis
627 1236 811 1300 civitatibus
833 1236 1011 1310 venientes,
1036 1237 1181 1298 instante
1195 1235 1289 1298 festi-

279 1335 382 1398 vitate
411 1341 643 1397 convenerunt.
696 1333 883 1399 celebravit
911 1335 1023 1419 itaque
1057 1333 1290 1397 solennitatem

279 1455 339 1498 rex
364 1441 403 1496 ut
428 1441 663 1516 proposuerat:
697 1441 732 1496 et
756 1433 877 1518 gaudio
903 1454 977 1496 cum
1000 1432 1193 1516 proceribus
1219 1431 1289 1495 suis

278 1533 423 1597 indulsit.
470 1532 637 1597 Laetitiam
663 1534 805 1618 agebant
834 1533 961 1597 cuncti:
995 1533 1073 1616 quia
1097 1533 1187 1615 ipsos
1210 1533 1289 1596 laeto

278 1633 385 1696 animo
400 1653 459 1694 rex
479 1640 657 1715 receperat.
703 1631 916 1698 Advenerant
935 1652 1076 1716 namque
1091 1639 1143 1694 tot
1162 1630 1289 1694 nobiles

278 1752 352 1793 cum
372 1730 564 1816 conjugibus
590 1740 624 1794 et
648 1731 777 1794 filiabus
804 1732 882 1809 suis,
907 1732 984 1794 lato
1010 1731 1156 1794 convivio
1185 1728 1287 1815 digni.

277 1827 405 1892 Aderat
420 1830 504 1893 inter
515 1838 641 1894 ceteros
658 1828 790 1893 Gorlois
801 1831 869 1894 dux
880 1829 1063 1901 cornubiae,
1081 1850 1156 1892 cum
1167 1826 1289 1914 Igerna

278 1927 416 2011 conjuge
440 1948 509 2002 sua,
537 1929 631 2012 cujus
657 1927 842 2012 pulcritudo
867 1928 1020 1992 mulieres
1046 1947 1160 1990 omnes
1184 1928 1287 1992 totius

277 2022 458 2090 Britanniae
478 2029 663 2110 superabat.
711 2027 862 2111 Cumque
881 2028 967 2090 inter
989 2026 1069 2090 alias
1089 2027 1287 2109 inspexisset

275 2143 348 2187 eam
363 2146 431 2201 rex,
448 2126 557 2190 subito
571 2148 683 2190 amore
697 2127 783 2190 illius
803 2126 958 2189 incaluit:
980 2126 1027 2188 ita
1041 2133 1079 2189 ut
1094 2126 1286 2208 postpositis

275 2225 402 2299 ceteris,
428 2234 532 2290 totam
561 2225 775 2290 intentionem
799 2247 892 2290 suam
917 2225 1003 2288 circa
1028 2245 1101 2288 eam
1126 2232 1283 2290 verteret.

277 2321 360 2386 Haec
383 2324 452 2387 sola
477 2332 549 2388 erat
571 2325 623 2388 cui
646 2325 772 2388 fercula
796 2324 997 2387 incessanter
1027 2323 1209 2408 dirigebat:
1232 2324 1285 2388 cui

275 2410 377 2487 aurea
395 2424 511 2506 pocula
536 2411 752 2487 familiaribus
773 2423 986 2487 internunciis
1006 2422 1178 2487 mittebat:
1201 2424 1284 2487 arri-

149 2553 154 2559 -
276 2521 374 2586 debat
389 2522 419 2586 ei
438 2522 640 2597 multotiens,
657 2523 772 2606 jocosa
786 2523 887 2586 verba
906 2523 1134 2586 interserebat.
1184 2521 1285 2602 Quod

275 2643 349 2686 cum
364 2621 575 2705 comperisset
594 2622 732 2684 maritus
754 2621 836 2704 ejuS,
858 2620 1028 2685 confestim
1047 2621 1152 2684 iratus
1168 2629 1230 2696 est,
1252 2629 1285 2685 et

274 2741 314 2783 ex
337 2720 428 2784 curia
453 2721 523 2784 sine
545 2719 677 2784 licentia
701 2719 847 2783 recessit.
896 2717 974 2782 Non
999 2719 1093 2782 affixit
1119 2720 1177 2803 qui
1208 2741 1282 2784 eum

273 2840 428 2884 revocare
454 2819 623 2902 quivisset,
654 2839 728 2882 oum
757 2818 791 2882 id
821 2819 927 2882 solum
955 2819 1107 2882 amittere
1136 2819 1281 2896 timeret,

274 2916 363 2998 quod
393 2938 491 2999 super
529 2917 638 2980 omnia
667 2917 833 3002 diligebat.
880 2914 991 2980 Iratus
1017 2916 1129 3000 itaque
1161 2915 1282 2994 Uther‚

272 3017 470 3100 praecepitei
490 3016 598 3080 redire
621 3016 656 3078 iu
670 3017 793 3081 curiam
808 3037 911 3090 suam,
938 3025 977 3080 ut
997 3016 1038 3081 de
1052 3016 1143 3080 illata
1160 3016 1284 3100 injuria

272 3114 502 3178 rectitudinem
517 3115 558 3179 ab
573 3135 612 3178 eo
628 3123 790 3178 sumeret:
812 3115 865 3178 cui
880 3136 954 3179 eum
968 3136 1085 3198 parere
1097 3113 1282 3200 diffugisset

274 3211 416 3287 Gorlois,
441 3213 616 3277 admodum
639 3213 743 3276 iratus
770 3220 821 3277 est
845 3234 915 3288 rex,
938 3213 1128 3296 juravitque
1149 3213 1280 3297 jureju·

271 3312 386 3388 raudo,
403 3332 438 3375 se
454 3318 660 3375 vastaturum
674 3310 842 3396 regionem
856 3311 969 3395 ipsius,
985 3311 1049 3376 nisi
1069 3312 1111 3375 ad
1132 3312 1281 3376 satisfac-

271 3412 395 3477 tionem
409 3411 591 3475 festinaret.
638 3407 711 3473 Nec
735 3430 838 3486 mora,
865 3410 1021 3494 praedicta
1046 3411 1097 3474 ira
1115 3410 1281 3477 intereos

271 3519 434 3586 manente,
461 3509 592 3594 collegit
611 3510 791 3574 exercitum
816 3532 971 3596 magnum
997 3532 1067 3586 rex,
1097 3513 1281 3598 petivitque

270 3610 470 3695 provinciam
487 3607 671 3682 Cornubiae,
693 3616 793 3692 atque
807 3608 918 3694 ignem
932 3609 967 3671 in
987 3609 1086 3673 urbes
1106 3618 1141 3673 et
1161 3613 1281 3696 oppida

270 3709 495 3774 accumulavit.
541 3705 588 3771 At
611 3706 741 3771 Gorlois
757 3729 822 3771 uon
842 3727 940 3771 ausus
956 3716 1006 3772 est
1021 3710 1177 3794 congredi
1203 3731 1279 3775 cum

271 3831 320 3884 eo,
351 3808 430 3892 quia
458 3807 530 3889 ejus
559 3806 666 3870 minor
696 3814 767 3870 erat
796 3813 998 3869 armatorum
1027 3806 1128 3890 copia.
1178 3805 1278 3874 Unde

268 3907 435 3993 praeelegit
446 3907 573 3969 munire
588 3904 707 3989 oppida
722 3925 790 3980 sua,
813 3905 916 3968 donec
930 3905 1088 3968 auxilium
1113 3927 1209 3994 suum
1236 3909 1278 3973 ab

270 4005 432 4070 Hibernia
456 4006 682 4088 impetrasset:
705 4012 739 4066 et
765 4024 839 4067 cum
864 4004 967 4089 magis
996 4025 1057 4088 pro
1086 4027 1192 4070 uxore
1218 4029 1287 4075 sua

268 4127 367 4192 quam
381 4126 442 4188 pro
463 4125 498 4167 se
521 4105 592 4186 ipso
618 4102 826 4166 anxiareturz
857 4104 967 4186 posuit
994 4124 1065 4166 eam
1091 4104 1125 4166 in
1157 4105 1277 4188 oppido

270 4205 421 4289 Tintagol
451 4205 484 4265 in
513 4203 623 4266 littore
652 4203 761 4275 maris,
793 4202 879 4284 quod
908 4224 968 4285 pro
998 4203 1112 4266 tutiori
1143 4204 1277 4290 refugio
