2848 4888
432 504 588 549 nrsromn
610 505 904 552 nuo.nnrr.n1n.v.
1127 485 1167 545 85

151 653 290 730 argento
305 648 533 730 copulandam.
570 649 662 713 Dum
677 651 744 715 haec
755 652 842 714 inter
857 651 945 733 ipsos
960 654 1166 732 gererentur,

151 745 290 809 accessit
308 745 499 811 Oaradocus
516 747 690 812 Cornubiae
707 749 785 825 dux,
811 747 1049 828 consiliumque
1064 743 1166 820 dedit,

151 851 192 905 ut
208 841 453 909 Maximianum
468 855 653 911 senatorem
668 848 857 922 invitarent,
867 845 1033 928 filiamque
1048 844 1078 908 ei
1094 863 1168 908 cum

151 961 257 1026 regno
273 943 445 1020 donarent,
463 954 497 1009 et
512 946 558 1008 sio
570 954 729 1030 perpetua
742 966 822 1030 pace
841 944 1043 1008 fruerentur.
1083 940 1168 1006 Erat

152 1047 267 1103 antem
281 1042 312 1104 ei
327 1052 423 1126 pater
439 1042 642 1108 Britannus:
666 1045 744 1128 quia
765 1043 934 1107 Leoninus
957 1040 1168 1105 Constantini

152 1141 346 1216 avunculus,
363 1142 405 1204 de
420 1164 486 1226 quo
503 1144 653 1226 superius
669 1142 868 1206 mentionem
885 1141 1038 1214 feceram,
1059 1139 1167 1222 ipsum

152 1247 325 1322 genuerat.
373 1238 488 1304 Matre
502 1263 581 1304 vero
593 1249 627 1304 et
637 1241 770 1304 natione
783 1238 965 1314 Romanoa,
975 1260 1016 1303 ex
1025 1245 1168 1320 utroque

154 1337 317 1420 sanguine
331 1340 476 1423 regalem
487 1339 615 1404 ferebat
626 1339 896 1423 procreationem.
936 1336 1062 1401 Idcirco
1078 1335 1167 1419 pacis

154 1436 371 1500 stabilitatem
400 1439 624 1522 promittebat,
663 1437 741 1522 quia
768 1437 891 1502 sciebat
927 1436 1031 1510 illum,
1063 1443 1097 1499 et
1126 1455 1167 1498 ex

155 1533 401 1617 Imperatorum
421 1559 552 1622 genere,
576 1547 610 1601 et
637 1558 677 1600 ex
702 1536 829 1620 origine
855 1533 1031 1598 Britonum
1056 1534 1113 1617 jus
1133 1533 1168 1596 in

154 1631 363 1698 Britanniam
375 1636 506 1700 habere.
547 1636 632 1699 Cum
642 1636 755 1718 itaque
764 1635 831 1698 tale
842 1633 1013 1698 consilium
1024 1632 1169 1696 dedisset

156 1731 437 1796 Gornubiensium
467 1735 553 1799 dux:
592 1733 782 1818 indignatus
813 1741 864 1796 est
895 1732 1050 1796 Conanus
1079 1732 1168 1817 regis

154 1849 267 1914 nepos,
294 1833 352 1916 qui
377 1833 464 1897 omni
480 1835 555 1896 nisu
579 1833 613 1896 in
639 1853 776 1917 regnum
797 1831 982 1906 anhelabat,
998 1838 1169 1914 totamque

155 1929 279 1993 curiam
307 1940 442 2016 propter
467 1933 547 1996 talia
570 1932 726 1996 turbavit.
773 1927 820 1993 At
845 1929 1030 1994 Garadocus
1054 1930 1168 2013 coeptis

154 2027 225 2091 suis
252 2028 414 2094 desistere
443 2032 567 2105 nolens,
594 2029 684 2093 misit
711 2027 913 2092 Mauricium
941 2028 1042 2092 filium
1073 2037 1169 2092 suum

155 2125 311 2202 Romam,
354 2136 393 2191 ut
435 2151 474 2192 ea
511 2127 716 2192 Maximiano
758 2126 927 2190 indicaret.
975 2126 1059 2190 Erat
1096 2129 1167 2211 ipse

157 2223 344 2290 Mauricius
389 2249 516 2310 magnae
561 2235 594 2290 et
638 2226 757 2309 pulcra
794 2232 940 2300 staturae,
978 2246 1169 2310 magnaque

156 2325 334 2407 probitatis
365 2333 464 2409 atque
494 2325 660 2388 audaoiae:
683 2331 716 2388 et
743 2323 800 2405 qui
823 2343 862 2386 ea
888 2343 962 2406 quae
991 2324 1166 2399 indicabat,

157 2423 269 2498 armis,
318 2424 347 2486 si
392 2424 605 2487 contradictio
640 2422 744 2497 fieret,
784 2429 818 2484 et
852 2420 960 2484 duello
996 2423 1166 2504 probabat.
1208 2445 1211 2454 ’

159 2521 229 2601 Qui
266 2531 306 2586 ut
345 2520 542 2585 Maximiani
576 2519 784 2605 presentiam
822 2519 935 2594 adivit,
968 2521 1009 2582 ab
1043 2520 1098 2584 illo
1130 2528 1169 2584 ut

159 2621 297 2685 decebat
326 2628 478 2702 receptus
508 2628 569 2694 est,
600 2628 634 2683 et
669 2639 769 2702 supra
798 2619 1031 2682 commilitones
1067 2619 1168 2682 hono-

157 2729 262 2783 ratus
312 2717 397 2782 Erat
434 2726 513 2782 tunc
549 2718 691 2782 maxima
723 2717 915 2800 inquietudo
945 2719 1030 2781 inter
1060 2719 1169 2801 ipsum

159 2817 415 2892 Maximianum,
429 2826 462 2880 et
474 2818 553 2880 duos
567 2816 786 2900 Imperatores
800 2815 1006 2890 Gratianum,
1016 2817 1169 2880 fratrem·

157 2939 223 3000 que
239 2938 336 2980 suum
353 2915 629 2991 Valentinianum,
647 2916 722 3000 quia
741 2936 855 2999 passus
870 2916 981 2979 fuerat
1000 2917 1167 2998 repulsam

158 3017 201 3080 de
214 3016 318 3080 tertia
332 3022 426 3098 parte
450 3014 575 3096 imperii
599 3035 698 3097 quam
718 3015 860 3097 petebat.
908 3012 957 3077 Ut
982 3035 1060 3100 ergo
1086 3015 1169 3080 vidit

159 3111 348 3178 Mauricius
365 3111 607 3176 Maximianum
627 3114 667 3176 ab
685 3111 942 3195 imperatoribus
967 3134 1167 3196 oppressum,

158 3234 235 3275 eum
250 3213 286 3275 in
302 3213 372 3274 haec
382 3212 483 3275 verba
493 3212 632 3274 affatur:
658 3209 740 3273 “Ut
756 3209 836 3293 quid
852 3208 1050 3274 Gratianum
1060 3212 1167 3289 times,

158 3309 377 3384 Maximiano,
414 3331 487 3372 cum
516 3310 577 3373 tibi
606 3316 718 3392 pateat
754 3309 808 3372 via
838 3331 903 3392 qua
939 3311 969 3373 ei
999 3311 1169 3392 imperium

159 3410 288 3493 eripere
303 3407 447 3493 poteris?
492 3408 578 3471 Veni
593 3429 718 3470 mecum
734 3407 769 3470 in
787 3406 993 3470 Britanniam
1008 3408 1167 3476 insulam:

160 3516 196 3571 et
217 3508 313 3593 regni
338 3508 488 3570 diadema
512 3506 704 3590 possidebis.
753 3504 912 3570 Octavius
940 3507 1026 3570 enim
1049 3528 1108 3570 rex
1136 3514 1169 3571 et

160 3607 253 3670 senio
269 3615 304 3670 et
314 3607 474 3691 languore
488 3614 655 3692 gravatus,
672 3605 754 3668 nihil
766 3605 855 3668 aliud
865 3605 1039 3680 desiderat,
1055 3605 1120 3668 nisi
1131 3614 1170 3670 ut

160 3705 305 3788 aliquem
329 3705 426 3768 talem
452 3704 607 3779 inveniat,
633 3705 686 3767 cui
715 3724 853 3788 regnum
884 3723 976 3766 suum
1003 3724 1077 3767 cum
1102 3704 1171 3768 filia

161 3807 272 3871 donet.
326 3804 512 3870 Masculina
535 3827 674 3889 namque
697 3805 789 3889 prole
810 3813 908 3879 caret,
934 3805 1171 3889 consiliumque

160 3927 182 3968 a
198 3905 388 3988 proceribus
404 3905 472 3968 suis
488 3905 648 3988 quaesivit,
666 3903 717 3967 cui
729 3903 857 3966 unicam
872 3903 972 3965 filiam
988 3923 1079 3966 suam
1096 3926 1170 3968 curn

160 4026 266 4089 regno
282 4005 460 4087 copularet.
507 4001 553 4066 Et
573 4012 612 4067 ut
631 4001 745 4064 affatui
776 4002 847 4084 ejus
873 4011 1027 4084 parerent
1042 4003 1168 4081 heroes,

158 4103 380 4166 decreverunt
407 4111 444 4165 ut
458 4101 520 4165 tibi
535 4099 768 4164 concederetur
786 4120 924 4182 regnum
945 4107 978 4161 et
993 4101 1110 4183 puella,
1137 4112 1171 4167 et

163 4202 358 4282 direxerunt
373 4221 426 4264 me
446 4200 488 4264 ad
502 4208 546 4273 te,
573 4207 611 4262 ut
626 4199 660 4261 id
674 4197 736 4262 tibi
758 4197 967 4262 notificarem.
994 4284 998 4290 .
1017 4198 1053 4264 si
1068 4202 1170 4286 igitur
