2872 4876
368 435 521 486 narrari.
546 433 737 487 merorum
759 435 832 487 nm.
856 435 892 487 v.
1096 417 1139 486 41

419 739 584 814 LIBER
611 739 861 819 QUINTUS.

573 903 705 916 *-

155 1073 176 1080 -
213 1097 241 1103 .„
301 1082 316 1086 ⁷
353 1080 393 1105 2,
421 1031 455 1083 rs
485 1011 640 1099 peractis
663 1009 796 1086 Lucius
821 1014 934 1087 vitam
961 1013 1081 1090 finivit
1102 1016 1141 1090 in

190 1120 254 1187 ῖς·
420 1113 508 1184 urbe
521 1110 810 1184 Claudiocestriae
828 1113 1140 1200 sepultusannoab

212 1240 225 1261 ÷
341 1219 372 1293 q
401 1211 663 1284 <incarnatione
694 1211 848 1301 Domini,
873 1232 1013 1284 cnvlu:
1038 1239 1141 1287 earu-

148 1370 307 1429 11³«
347 1362 354 1365 a
378 1336 395 1443 a
420 1317 499 1384 erat
537 1311 613 1397 ipse
659 1311 788 1383 sobole.
842 1311 970 1386 Oritur
1012 1313 1140 1388 seditio

5 1411 7 1442 ¹
153 1488 156 1489 γ
406 1411 520 1484 inter
546 1411 713 1484 Britones
729 1411 772 1483 de
792 1435 998 1486 successuro
1012 1414 1050 1488 in
1065 1440 1143 1504 reg-

154 1498 262 1547 ζῇ*
285 1520 328 1559 .‡·'
420 1535 517 1598 num,
539 1517 576 1584 et
601 1509 766 1583 Romana
780 1518 941 1598 potestas
956 1513 1140 1587 infirmata

4 1689 5 1704 2
135 1617 202 1685 est.
249 1609 404 1685 Senatus
433 1611 556 1697 itaque
588 1609 773 1682 Romanus
805 1617 1004 1682 senatorem
1034 1612 1143 1701 elegit

4 1711 6 1794 ζ
136 1707 320 1800 Severum,
342 1712 501 1797 duasque
524 1708 579 1781 illi
598 1708 754 1797 legiones
771 1707 879 1796 dedit,
901 1716 944 1781 nt
968 1709 1140 1785 Romanae

3 1797 5 1842 ²
135 1810 263 1885 ditioni
279 1810 488 1884 restitueret
502 1808 739 1881 Britanniam.
764 1807 837 1880 Hic
852 1806 963 1896 igitur
978 1820 1140 1885 conserto

3 1955 5 1996 ,
132 1911 266 1999 proelio,
299 1916 439 1997 partem
455 1907 671 1996 subjugavit,
692 1914 730 1980 et
744 1913 884 1995 partem
899 1908 1140 1985 invincibilem

132 2009 330 2084 infestabat
345 2005 496 2096 assidue,
520 2012 562 2079 ut
577 2031 656 2080 eam
670 2013 772 2080 trans
793 2006 939 2080 Beiram
965 2017 1003 2083 et
1029 2012 1142 2086 Alba-

2 2117 3 2134 ¹
133 2109 232 2183 niam
261 2108 413 2196 fugaret.
459 2107 514 2179 At
538 2105 603 2179 illa
623 2106 710 2179 duce
738 2105 911 2194 Fulgenio
937 2108 1033 2181 omni
1057 2112 1141 2184 nisu

135 2208 338 2295 resistebat,
358 2212 396 2280 et
420 2205 549 2293 saepius
576 2212 732 2293 stragem
756 2205 951 2278 maximam
968 2205 1140 2284 Romanis

134 2307 321 2380 inferebat.
368 2303 485 2394 Quare
509 2305 704 2392 imperator
729 2303 893 2378 instituit
912 2306 990 2378 fieri
1005 2309 1140 2382 vallum

134 2407 230 2480 inter
246 2405 392 2479 Beiram
404 2410 441 2477 et
451 2403 655 2494 Albaniam,
671 2410 714 2477 ut
723 2405 898 2492 impetum
907 2405 985 2494 ejus
994 2408 1140 2495 propius

134 2505 297 2580 accedere
312 2503 526 2592 prohiberet.
572 2503 631 2577 Sic
643 2504 900 2577 communicato
913 2513 1036 2578 sumtu
1049 2507 1141 2580 illud

134 2631 154 2680 a
185 2604 414 2690 mariusque
444 2601 490 2676 ad
518 2627 617 2675 mare
646 2601 817 2676 fecerunt.
864 2604 918 2676 At
943 2604 1140 2693 Fulgenius

133 2703 386 2779 transfretavit
415 2703 454 2775 in
485 2702 680 2791 Scythiam,
717 2708 760 2775 nt
791 2699 976 2777 Pictorum
1006 2707 1140 2780 auxilio

1 2815 2 2875 ῐ
134 2802 303 2894 dignitati
326 2803 589 2890 restitueretur,
621 2801 713 2874 unde
735 2825 865 2889 magna
891 2802 1003 2877 classe
1033 2806 1141 2880 rediit

1 2889 2 2939 ³
133 2905 170 2977 in
187 2902 413 2977 Britanniam
426 2909 533 2988 atque
544 2902 746 2975 Eboracum
758 2901 906 2974 obsedit.
945 2902 1046 2992 Quod
1058 2931 1139 2979 cum

133 3027 197 3092 per
221 3003 311 3076 alias
337 3001 499 3074 nationes
516 3001 739 3089 divulgatum
755 3006 861 3090 esset,
883 3002 1041 3077 maxima
1055 3028 1139 3091 pars

5 3169 9 3178 .
133 3101 324 3176 Britonum
349 3101 519 3176 Severum
534 3100 703 3188 deseruit,
726 3107 763 3173 et
785 3101 922 3174 transit
941 3103 986 3176 ad
1009 3103 1140 3194 Fulge-

134 3202 244 3274 nium.
291 3199 454 3287 Severus,
470 3199 670 3273 convocatis
683 3199 856 3274 Romanis
872 3207 910 3274 et
929 3203 1138 3296 fautoribus,

134 3299 352 3374 obsidionem
366 3299 513 3388 petivit3
536 3299 758 3373 ubivulnere
774 3299 874 3387 gravi
889 3301 1037 3376 affectus
1053 3303 1142 3378 Ful-

134 3401 259 3488 genius
289 3399 452 3488 moritur,
476 3404 513 3472 et
534 3398 572 3471 in
602 3398 675 3472 acri
706 3399 899 3472 certamine
922 3400 1140 3476 interficitur

132 3497 296 3584 Severus,
319 3506 357 3572 et
384 3498 546 3584 sepultus
561 3498 706 3570 tandem
733 3504 789 3570 est
815 3498 852 3570 in
868 3502 956 3572 urbe
971 3499 1136 3591 Eboraci,

135 3624 241 3686 quam
262 3597 439 3671 obtinuit:
462 3596 610 3683 reliquit
629 3605 750 3670 autem
765 3597 854 3670 duos
870 3598 972 3687 filios
996 3599 1140 3674 Bassia-

133 3723 220 3771 num
232 3705 270 3770 et
285 3694 426 3772 Getam.
472 3695 567 3771 Geta
588 3703 709 3770 autem
734 3697 898 3771 Romana
913 3706 1028 3772 matre
1043 3700 1139 3787 geni-

132 3804 203 3886 tus,
228 3795 425 3869 Bassianus
456 3802 576 3869 autem
604 3795 813 3870 Britannica
836 3805 1025 3886 generatus
1050 3807 1137 3873 erat.

135 3889 292 3981 Romani
315 3895 427 3985 igitur
443 3894 573 3970 Getam
594 3895 731 3982 eligunt
757 3895 794 3968 in
820 3919 950 3984 regem,
972 3896 1139 3971 Britanni

134 4002 256 4068 autem
271 3995 497 4084 Bassianum,
510 3993 749 4081 committitur
763 4019 899 4084 pugna:
923 3995 1139 4070 interficitur

134 4093 249 4184 Geta3
280 4091 476 4169 Bassianus
502 4118 610 4182 regno
633 4095 770 4182 potitus
795 4102 861 4169 est.
903 4093 961 4168 Eo
980 4103 1139 4185 tempore
