2872 4876
355 385 509 438 salnes.
533 384 733 438 uiscerum.
757 383 829 436 nin.
854 385 888 434 v.
1087 367 1131 434 43

4 527 6 610 l
126 563 234 627 super
262 545 460 612 torrentem
488 538 526 610 in
553 540 650 625 urbe,
688 536 749 623 qui
777 543 902 624 postea
926 534 969 608 de
989 537 1131 609 nomine

4 641 5 700 l
124 639 224 712 ducis
241 639 446 711 Britannice
461 637 708 725 Noutgollim,
733 636 904 710 Saxonioe
919 661 1002 709 vero
1021 635 1132 708 Golo-

125 741 203 810 brec
230 738 348 810 dictus
378 737 459 809 fuit.
505 735 754 824 Triumphavit
786 735 1058 823 Asclepiodotus
1088 735 1132 808 de

126 837 302 910 Romanis
333 839 400 910 sub
422 837 510 924 jugo
535 836 709 908 missiset
729 834 850 908 caesis:
887 842 926 908 ct
954 835 1131 908 clamante

124 936 264 1025 populo,
303 943 346 1009 ut
366 935 528 1008 diadema
557 942 710 1022 caperet,
731 959 797 1006 rex
826 939 979 1022 creatur,
1002 941 1039 1008 et
1068 959 1132 1021 per

4 1087 6 1100 »
122 1035 246 1108 decem
261 1035 610 1123 annosjustissimus
625 1034 705 1107 fuit.
750 1033 897 1106 interea
911 1033 1027 1105 oritur
1048 1033 1133 1106 Dio-

123 1134 270 1207 oletiani
294 1135 519 1222 imperatoris
539 1133 697 1222 Augusti
718 1133 841 1221 ingens
867 1133 931 1206 illa
958 1132 1133 1206 Christia-

4 1265 5 1302 1
125 1257 254 1306 norum
270 1235 480 1322 persecutio,
502 1234 555 1306 ita
570 1241 613 1306 ut
634 1232 736 1318 quasi
752 1233 870 1305 deleta
884 1231 995 1305 fuerit
1010 1231 1133 1305 Chris-

124 1333 277 1406 tianitas
304 1333 341 1404 in
365 1358 473 1421 regno
498 1333 764 1419 Britannorum,
788 1357 903 1418 quaea
925 1330 1035 1405 Lucio
1051 1356 1132 1420 rege

127 1455 267 1519 semper
274 1441 457 1505 manserat
471 1432 711 1505 immaculata.
737 1431 997 1518 Supervenerat
1014 1432 1132 1504 Maxi-

4 1559 5 1562 *
126 1532 267 1604 mianus
284 1532 489 1621 Herculius,
511 1533 675 1620 princeps
696 1531 834 1603 militiae
846 1531 1007 1618 praedieti
1023 1531 1134 1617 impe-

126 1631 267 1718 ratoris,
306 1632 409 1719 cujus
439 1631 587 1719 imperio
629 1633 806 1704 subversae
840 1636 925 1701 sunt
954 1629 1132 1703 Ecclesiae.

4 1805 6 1824 ζ
129 1727 285 1802 Volebat
299 1731 394 1802 enim
409 1755 537 1803 nomen
553 1729 621 1803 Dei
633 1729 759 1817 delere,
783 1736 820 1801 et
835 1752 956 1801 omnes
969 1754 1133 1816 quaecun-

126 1853 194 1914 que
219 1853 328 1900 sacrae
355 1828 540 1917 scripturae
569 1835 736 1917 poterant
759 1826 919 1915 inveniri,
943 1827 981 1899 in
1008 1828 1133 1902 mediis

124 1926 212 2000 foris
236 1935 372 2000 exustae
395 1935 489 2002 sunt.
534 1929 581 2001 In
604 1934 709 2001 tanta
729 1934 848 2000 autem
876 1929 1132 2017 persecutione,

4 2079 6 2100 r
126 2026 325 2100 insurrexit
340 2027 470 2101 Coelus
485 2027 558 2100 dux
571 2025 778 2113 anrcolim,
801 2025 838 2097 id
850 2034 906 2099 est
918 2025 1132 2116 Colcestriae,

4 2193 5 2204 ,
125 2125 163 2198 in
181 2125 484 2215 Asclepiodotum,
507 2127 569 2214 qui
584 2151 665 2199 eum
680 2123 871 2212 interfecit,
895 2131 933 2197 et
948 2127 1047 2214 regni
1059 2127 1134 2199 dia-

7 2293 8 2300 ,
127 2224 267 2298 demate
296 2226 444 2313 potitus,
469 2225 625 2298 Romani
647 2223 760 2312 gavisi
791 2231 877 2296 sunt
900 2230 1004 2296 tanto
1029 2224 1133 2298 hoste

4 2367 5 2370 =
124 2323 334 2412 interfect03
358 2332 395 2398 et
417 2325 626 2413 legaverunt
642 2323 893 2397 Constantium
915 2323 1133 2415 Senatorum,

127 2423 189 2509 qui
203 2422 278 2496 illis
290 2423 506 2510 Hispaniam
518 2423 733 2510 subdiderat
757 2421 875 2494 virum
886 2422 1081 2510 sapientem
1096 2431 1134 2498 et

127 2522 297 2596 audacem
306 2551 317 2611 ;
339 2529 377 2595 et
401 2523 462 2609 qui
481 2547 554 2610 prae
570 2522 699 2596 ceteris
716 2520 989 2607 Rempublicam
1005 2547 1134 2611 augere

127 2622 362 2694 laboraverat.
408 2621 522 2695 Porro
537 2646 602 2695 rex
617 2620 873 2695 Britannorum
896 2619 1035 2711 (Icelus,
1052 2647 1133 2696 cum

128 2720 321 2794 adventum
345 2723 424 2810 ejus
449 2721 690 2809 comperisset,
719 2718 846 2791 timuit
874 2718 1063 2807 illipraclia
1080 2721 1135 2794 in-

127 2845 248 2908 gerere
264 2823 309 2893 ob
328 2820 461 2894 famam
486 2821 595 2893 illius.
641 2818 697 2892 Ut
720 2818 831 2906 igitur
845 2818 944 2892 venit
960 2818 1135 2893 Constan-

4 2939 5 2958 ³
125 2920 212 3008 tius,
236 2919 369 2994 direxit
397 2920 453 2993 illi
482 2921 618 3008 legatos
643 2917 772 2992 Ooblus
796 2924 922 3004 petens
947 2943 1080 3007 pacem,
1096 2927 1135 2992 et

128 3019 385 3106 subjectionem
399 3020 624 3107 promittens,
646 3022 812 3104 eopactu
834 3021 877 3088 ut
888 3041 1037 3106 regnum
1054 3019 1135 3091 Bri-

4 3177 6 3204 ,
127 3118 260 3191 tanniae
286 3119 493 3207 possideret,
520 3126 558 3192 et
576 3118 680 3191 daret
700 3116 846 3190 solitum
866 3116 1045 3191 tributum
1062 3118 1135 3192 Ro-

127 3218 254 3304 manis,
279 3218 456 3305 acquievit
468 3216 714 3304 Constantius,
730 3222 768 3288 et
783 3215 937 3302 acceptis
952 3217 1134 3290 obsidibus

4 3333 5 3358 ³
127 3341 250 3404 pacem
262 3317 519 3390 confirmarunt
529 3322 665 3404 mutuo,
689 3313 751 3388 sed
761 3313 859 3387 intra
869 3339 1028 3388 mensem
1040 3340 1135 3389 emo·

4 3415 6 3490 l
126 3416 223 3488 ritur
250 3415 388 3488 coelus.
434 3415 512 3504 Quo
539 3415 706 3488 defuncte
735 3412 922 3500 insignivit
948 3439 985 3486 se
1017 3414 1136 3488 diade-

128 3522 225 3587 mate
236 3514 480 3603 Constantius,
495 3515 668 3602 duxitque
689 3512 800 3586 filiam
811 3511 918 3600 Coeli,
934 3512 992 3584 cui
1006 3537 1134 3585 nomen

4 3613 6 3622 ’
129 3621 208 3686 erat
239 3613 391 3702 Helena,
416 3613 668 3700 pulcritudinis
698 3611 878 3699 inauditae,
901 3636 965 3683 nec
994 3611 1135 3699 uspiam

4 3735 5 3772 r
129 3713 374 3801 reperiebatur
389 3715 514 3802 altera,
538 3738 616 3801 quae
636 3713 674 3786 in
700 3711 846 3785 musicis
872 3710 1134 3801 instrumentis,

4 3899 5 3906 ἵ
29 3853 31 3858 -
130 3814 204 3885 sive
218 3812 428 3886 liberalibus
441 3813 579 3886 artibus
591 3812 727 3885 doctior
738 3810 803 3883 illa
813 3816 1019 3883 censeretur
1030 3836 1037 3880 :
1050 3835 1134 3884 nam

4 3933 5 3946 ²
129 3911 168 3984 in
191 3918 344 3999 utraque
372 3911 496 4000 lingua
516 3912 722 3998 excellebat,
746 3909 838 3982 unde
868 3915 995 3982 extant
1021 3908 1136 3982 adhuc

4 4089 5 4096 χ
128 4009 464 4099 carminaquaedam
479 4006 1135 4100 Graeca,quaeilliusfuisseporhiben·
