2848 4888
382 451 539 498 rusiorum
552 451 627 496 nne.
641 449 724 495 nnn.
739 449 801 495 mn.
815 447 885 492 vm.
1082 429 1140 496 141

222 684 238 765 ξ
261 685 312 744 11.
333 697 630 744 urnnrnrnmeon
650 697 692 741 ιι)
713 695 891 740 mnarum
912 694 1056 738 senaar.

245 846 260 857 -
275 850 318 893 3
438 809 473 875 D
486 812 632 876 eaverba
643 807 782 875 Merlini
793 810 920 874 solutus
930 805 1143 873 estAurelius

166 946 196 972 ι
314 834 473 1093 ἱᾁιιι
500 910 615 985 risum,
641 909 772 973 dicens:
797 907 981 988 “Qualiter
1010 907 1046 971 id
1072 907 1145 972 ficri

144 1060 175 1141 ί
236 990 294 1078 1⁵3
366 1058 390 1113 3
438 1016 558 1093 posset,
574 1015 613 1072 ut
626 1007 712 1074 tanti
733 1006 857 1091 lapides
873 1027 914 1070 ex
933 1013 1001 1070 tam
1016 1006 1145 1092 longin-

171 1110 174 1111 ’
236 1136 279 1179 τε
338 1102 391 1185 s*
441 1129 508 1192 quo
521 1128 626 1193 regno
639 1106 891 1180 adveherentur,
907 1125 945 1168 ac
960 1103 989 1168 si
1011 1102 1144 1168 Britan-

146 1224 189 1293 f
438 1205 496 1270 nia
509 1205 670 1289 lapidibus
686 1211 823 1279 careret,
840 1202 897 1287 qui
919 1202 962 1266 ad
984 1201 1144 1286 operatio-

439 1324 514 1367 nem
530 1303 749 1367 sufficerent.”
794 1299 850 1366 Ad
865 1302 935 1365 haee
958 1298 1143 1364 Merlinus:

138 1399 229 1465 “Ne
243 1422 374 1465 moveas
389 1422 449 1466 rex
463 1424 584 1467 vanum
598 1402 720 1467 risum:
743 1401 821 1485 quia
832 1401 901 1465 haec
916 1400 1040 1484 absque
1054 1400 1144 1464 vani-

6 1545 7 1554 .
136 1509 208 1565 tate
235 1500 377 1583 profero.
446 1499 582 1585 Mystici
612 1509 689 1564 sunt
717 1500 852 1585 lapidee,
882 1507 916 1564 et
949 1499 992 1564 ad
1017 1499 1147 1564 diversa

6 1677 7 1684 .
136 1599 375 1664 medicamenta
401 1598 558 1664 salubres.
605 1597 765 1685 Gigantes
791 1599 868 1663 clim
894 1606 1147 1683 asportaverunt

6 1693 8 1710 '
138 1720 196 1762 eos
212 1719 254 1762 cx
269 1696 392 1761 ultimis
403 1696 522 1762 finibus
534 1696 666 1773 Africae,
683 1707 717 1762 et
727 1707 909 1782 posuerunt
923 1699 956 1761 in
973 1696 1144 1772 Hibernia,

139 1796 220 1859 dum
243 1817 317 1859 eum
332 1795 564 1862 inhabitarent.
611 1795 696 1861 Erat
717 1804 827 1860 autem
848 1817 956 1872 causa,
978 1804 1016 1859 ut
1030 1796 1148 1860 balnea

138 1892 229 1958 intra
258 1893 331 1958 illos
360 1894 565 1970 conficerent,
595 1916 670 1959 cum
703 1893 890 1959 infirmitate
918 1903 1146 1979 gravarentur.

140 1988 316 2056 Lavabant
330 2013 471 2077 namque
480 1993 615 2077 lapides,
626 1993 762 2058 et'intra
775 1992 894 2057 balnea
903 1992 1147 2058 diffundebant:

140 2091 229 2154 unde
246 2092 361 2177 oegroti
375 2093 586 2157 curabantur.
632 2090 819 2156 Miscebant
834 2091 933 2156 etiam
948 2113 1022 2156 cum
1032 2092 1149 2156 herba-

140 2211 216 2254 rum
239 2190 505 2266 confectionibus,
528 2189 616 2257 unde
630 2190 794 2255 vulnerati
815 2189 1025 2255 sanabantur.
1069 2188 1149 2256 -Non

142 2298 193 2354 est
222 2289 307 2373 lapis
336 2289 391 2364 ibi,
422 2289 479 2373 qui
508 2289 744 2354 medicamento
774 2293 917 2354 careat.”
973 2289 1058 2354 Cum
1086 2290 1148 2354 hoc

142 2387 312 2452 audissent
338 2385 502 2462 Britones,
533 2395 731 2452 censuerunt
759 2409 820 2471 pro
849 2387 977 2471 lapidus
1005 2389 1147 2468 mittere,

142 2487 365 2570 populumque
375 2483 545 2550 Hibernia
550 2486 661 2569 praelio
672 2486 840 2561 infestare,
848 2486 875 2550 si
885 2507 940 2551 eos
953 2486 1147 2554 detinerent.

144 2582 320 2648 Postremo
332 2585 464 2668 eligitur
476 2583 776 2670 Utherpendragon
786 2583 891 2648 frater
902 2585 1000 2670 regis,
1011 2594 1045 2650 et
1056 2587 1146 2670 quin·

145 2680 250 2745 decim
279 2682 368 2746 milia
396 2689 609 2768 armatorum,
640 2690 677 2746 ut
709 2681 785 2747 huic
818 2684 952 2768 negocio
984 2692 1147 2767 parerent.

146 2781 291 2865 Eligitur
306 2780 423 2864 etipse
439 2777 614 2855 Merlinus‚
631 2789 669 2844 ut
691 2780 793 2865 ipsius
807 2781 938 2867 ingenio
961 2791 996 2847 et
1017 2783 1150 2847 consilio

145 2879 273 2964 agenda
301 2886 531 2943 tractarentur.
580 2877 711 2944 Paratis
741 2878 858 2944 deinde
886 2881 1033 2958 navibus,
1060 2904 1150 2948 mare

146 2978 387 3064 ingrediuntur,
401 2976 633 3062 prosperisque
648 2977 755 3042 ventis
771 2976 966 3044 Hiberniam
980 2980 1112 3047 adeunt.

147 3236 162 3317 5
184 3237 233 3296 12.
256 3250 477 3306 annonnums,
497 3249 561 3294 anx
575 3251 737 3295 nmnarra
752 3253 982 3311 raomcnrnn,
1004 3256 1152 3300 nannum

317 3345 469 3389 cnonnnn
483 3345 664 3388 cromnam
679 3345 782 3389 sncun
796 3347 989 3392 anronranr.

170 3498 202 3545 ᾗ
235 3514 280 3538 3,
348 3505 402 3547 ,‚
451 3457 483 3521 A
512 3466 706 3542 tempestate
735 3459 893 3544 regnabat
922 3459 956 3522 in
994 3459 1155 3527 Hibernia

170 3513 356 3717 ἸἽ
453 3554 678 3632 cinomanna,
701 3557 832 3639 juvenis
855 3558 947 3622 mire
967 3560 1151 3642 probitatis.

166 3679 172 3718 ιι
277 3614 314 3722 )
356 3644 414 3727 (b
453 3656 519 3724 Hic
539 3679 611 3723 cum
633 3659 788 3736 audisset,
804 3659 892 3743 quod
906 3661 941 3724 in
962 3659 1156 3728 Hiberniam

167 3754 178 3781 ³
263 3798 279 3801 --
394 3812 396 3815 ,
452 3762 681 3845 applicuissent
701 3761 865 3838 Britones,
882 3764 1011 3848 collegit
1033 3766 1155 3830 exerci-

183 3880 185 3887 '
237 3918 241 3919 Ξ
317 3910 400 3949 3
451 3867 524 3924 tum
543 3861 712 3946 grandem,
729 3869 762 3925 et
777 3861 824 3925 eis
848 3862 976 3927 obviam
998 3865 1153 3947 perrexit.

165 3956 179 3963 ‘
233 3956 411 3994 ‘²2²²‘
455 3957 604 4043 Cumque
630 3958 804 4024 dedicisset
832 3981 963 4024 causam
996 3963 1156 4029 adventus

155 4073 276 4127 eorum,
293 4054 475 4118 astantibus
485 4057 606 4131 arrisit,
621 4064 655 4120 et
666 4057 713 4121 ait
725 4081 733 4122 :
758 4065 776 4093 “
788 4057 865 4122 Non
874 4059 987 4136 miror,
999 4060 1026 4123 si
1038 4061 1156 4147 ignava

156 4172 231 4234 gens
249 4151 427 4228 Saxonum,
441 4154 581 4222 insulam
593 4154 769 4221 Britonum
779 4159 950 4224 devastare
958 4161 1075 4243 potuit,
1082 4182 1156 4225 eum
