2848 4888
372 521 528 568 msroann
542 522 616 566 nno.
631 521 871 567 narnmmm.
1075 500 1135 560 145

9 753 10 760 ἵ
127 663 279 750 dogmate
300 666 462 731 eruditum
485 665 617 752 fingam.
665 665 811 750 Cumque
837 666 899 729 hoe
919 663 1132 749 promisisset,

8 773 9 776 ’
127 763 249 849 pepigit
266 764 460 829 Pascentius
475 764 580 830 foedus
592 785 664 828 cum
679 765 746 840 illo,
763 773 797 828 et
815 784 940 847 eaquae
956 762 1135 847 spoponde-

126 870 186 939 rat,
198 864 390 947 juramento
406 863 619 928 confirmavit.
666 863 765 928 Rasit
779 863 880 949 igitur
897 861 992 946 Eopa
1001 860 1135 927 barbam

127 981 225 1038 snam,
252 962 421 1046 capiteque
437 970 544 1038 tonso,
569 962 792 1026 monachalem
812 961 899 1045 oepit
912 960 1078 1026 habitum:
1102 967 1136 1024 et

8 1035 10 1080 l
126 1060 209 1123 vasis
229 1061 545 1124 medicamentorum
569 1081 700 1124 suorum
724 1068 888 1136 oneratus,
911 1059 975 1124 iter
998 1058 1136 1124 Guinto-

8 1239 9 1258 ἢ
128 1157 213 1222 niam
254 1179 368 1222 versus
405 1158 554 1242 arripuit.
601 1157 726 1222 Urbem
762 1166 928 1243 postremo
958 1159 1135 1242 ingressus,

8 1265 10 1276 ’
128 1256 248 1320 obtulit
277 1257 468 1342 obsequium
501 1278 593 1321 suum
622 1257 791 1322 clientibus
820 1256 908 1341 regis
938 1264 972 1320 et
996 1255 1137 1341 gratiam

127 1355 159 1419 in
188 1356 293 1420 oculis
328 1377 443 1438 eorum
471 1357 606 1420 invenit.
652 1355 745 1420 Nihil
775 1356 862 1420 enim
892 1354 1136 1419 desiderabilius

8 1475 9 1504 1
128 1455 343 1540 expectabant
367 1475 464 1539 quam
489 1456 656 1519 medicum.
705 1454 870 1540 Exceptus
892 1455 1013 1538 itaque,
1041 1462 1075 1517 et
1102 1453 1137 1518 in

127 1555 337 1638 presentiam
366 1555 455 1639 regis
483 1553 606 1627 dumus,
636 1554 788 1638 promisit
814 1575 850 1618 se
878 1552 1081 1617 redditurum
1107 1552 1138 1616 ei

129 1653 315 1729 sanitatem,
343 1653 371 1716 si
396 1652 582 1736 potionibus
613 1654 678 1717 suis
708 1653 887 1716 foveretur.
933 1651 967 1715 N
969 1673 1005 1716 ec
1033 1672 1136 1727 mora,

128 1751 296 1836 potionem
311 1750 469 1815 conficere
480 1751 600 1834 jussus,
617 1751 803 1816 submiscuit
817 1772 987 1825 venenum,
1003 1750 1138 1835 regique

128 1853 287 1935 porrexit.
336 1850 434 1930 Quod
457 1873 529 1916 cum
553 1851 702 1935 coepisset
727 1851 880 1915 Aurelius
907 1859 941 1916 et
963 1852 1136 1926 hausisset,

124 1951 235 2034 jussus
253 1958 304 2014 est
319 1949 491 2014 confestim
502 1971 522 2013 a
533 1949 675 2013 nefando
686 1949 854 2015 Ambrone
866 1950 924 2014 sub
934 1948 1138 2034 coopertorio

130 2071 186 2114 suo
208 2049 359 2124 delitere,
380 2056 484 2132 atque,
503 2047 706 2112 obdormire:
727 2055 766 2112 nt
790 2047 894 2133 magis
918 2049 1008 2132 potio
1033 2049 1139 2112 detes-

128 2147 230 2212 tanda
245 2153 447 2230 operaretur.
495 2144 613 2210 Paruit
627 2146 713 2210 illico
732 2153 792 2210 'rex
812 2146 944 2210 monitis
963 2146 1139 2230 proditoris

129 2247 225 2322 illius,
249 2255 283 2311 et
299 2245 391 2330 quasi
411 2244 585 2310 sanitatem
605 2252 795 2328 recepturus
815 2245 1021 2310 obdormivit.
1069 2245 1140 2310 Nec

128 2366 232 2420 mora,
261 2343 414 2408 illabente
437 2363 563 2407 veneno
589 2364 648 2426 per
673 2363 772 2426 poros
795 2344 938 2427 corporis
965 2352 998 2408 et
1027 2365 1139 2420 venas,

8 2451 9 2504 ἱ
130 2452 306 2509 consecuta
334 2452 385 2508 est
420 2464 510 2507 mors
544 2462 704 2526 soporem,
744 2463 815 2527 quaa
848 2443 970 2508 nemini
1005 2465 1140 2528 parcere

130 2542 310 2608 consuevit.
358 2541 490 2606 Interea
505 2541 666 2606 nefandus
686 2542 835 2626 proditor
853 2542 917 2618 ille,
938 2543 1025 2607 inter
1044 2565 1140 2608 unum

130 2650 163 2706 et
189 2643 291 2708 alium
313 2641 451 2726 elapsuS,
477 2641 513 2704 in
538 2641 628 2705 curia
642 2661 802 2724 nusquam
818 2641 1009 2724 comparuit.
1057 2640 1140 2707 Haec

131 2744 208 2808 dum
225 2742 413 2807 Guintoniae
425 2742 613 2826 agerentur,
628 2740 781 2825 apparuit
797 2740 892 2804 stella
909 2741 1001 2805 mirae
1015 2742 1140 2827 magni-

130 2843 253 2907 tudinis
284 2850 318 2906 et
347 2840 517 2916 claritatis,
544 2861 609 2904 uno
631 2839 724 2903 radio
751 2846 922 2903 contenta:
946 2838 989 2903 ad
1013 2840 1141 2905 radium

129 2964 220 3018 vero,
261 2949 333 3005 erat
368 2939 483 3026 globus
515 2939 630 3023 igneus
659 2938 694 3001 in
720 2937 961 3002 similitudinem
991 2938 1140 3006 draconis

8 3039 9 3042 ’
131 3049 298 3115 extensus,
315 3047 349 3104 et
364 3059 477 3103 exora
491 3038 577 3101 illius
586 3036 804 3121 procedebant
816 3037 879 3100 duo
890 3036 983 3112 radii,
1001 3059 1141 3122 quorum

130 3160 218 3202 unus
232 3138 472 3224 longitudinem
493 3157 585 3200 suam
601 3135 690 3199 ultra
711 3134 916 3198 Gallicanum
937 3135 1032 3199 clima
1051 3136 1141 3201 vide·

8 3307 9 3312 .
132 3238 232 3302 batur
247 3237 443 3302 extendere:
466 3237 549 3300 alter
574 3255 654 3299 vero
672 3254 788 3298 versus
815 3232 1031 3298 Hibernioum
1050 3257 1141 3300 mare

129 3357 281 3422 vergens,
306 3336 341 3399 in
357 3342 481 3420 septem
496 3332 638 3398 minores
654 3333 762 3396 radios
777 3333 1025 3399 terminabatur.
