2848 4888
403 490 559 535 marorum
575 492 648 536 suo.
663 494 746 538 eum.
762 493 823 536 nus.
835 493 878 537 ιιι.
1084 475 1140 540 167

139 721 154 801 ξ
169 723 215 780 11.
231 738 425 791 uonvsouu,
437 709 565 797 nanim,
581 745 774 798 uourrsrusu
788 745 828 788 nr
843 743 980 788 omniur:
995 743 1141 787 eunucu.

243 884 308 924 *g
325 910 340 935 χ
362 890 391 919 2
442 841 541 908 UNO
563 841 709 910 invitatis
732 846 934 930 probissimis
959 844 1144 929 quibusque

334 940 335 943 ’
441 962 482 1006 cx
496 942 593 1030 longe
606 944 722 1028 positis
735 945 857 1030 regnis,
879 944 974 1027 ooepit
988 942 1145 1007 familiam

226 1060 228 1063 ’
321 1044 345 1089 ὓ
441 1060 534 1104 suam
554 1051 782 1128 augmentare:
804 1050 996 1126 tantamque
1011 1040 1143 1105 urbani-

315 1168 370 1229 ιθυι
440 1146 543 1202 tatem
562 1140 595 1204 in
614 1142 711 1205 domo
730 1163 789 1205 sua
808 1141 938 1216 habere,
960 1147 998 1204 ut
1013 1138 1143 1203 aemula-

231 1318 235 1321 ἱ
253 1286 335 1326 ᾗ
400 1306 402 1316 ,
440 1236 563 1307 tionem
577 1239 675 1324 longe
689 1240 895 1304 manentibus
910 1237 1038 1324 populis
1053 1238 1144 1321 inge-

241 1338 261 1348 '
287 1330 337 1363 ²²
440 1345 539 1400 reret.
602 1337 698 1401 Unde
742 1338 960 1402 nobilissimus
1006 1336 1145 1420 quisque

138 1433 304 1508 incitatus,
317 1433 409 1496 nihili
422 1435 586 1517 pendebat
602 1457 646 1512 se,
669 1438 733 1500 nisi
748 1458 820 1501 sese
835 1438 903 1502 sive
917 1438 951 1500 in
967 1433 1143 1508 induendo,

139 1532 254 1596 sivein
264 1551 356 1594 arma
364 1530 510 1607 ferendo,
523 1533 707 1597 admodum
718 1537 855 1599 militum
867 1535 986 1599 Arturi
997 1533 1144 1597 haberet.

140 1629 294 1713 Denique
323 1628 412 1692 fama
447 1631 610 1716 largitatis
640 1640 740 1717 atque
769 1633 941 1717 probitatis
972 1632 1058 1694 illius
1087 1650 1146 1713 per

140 1737 305 1792 extremos
324 1728 438 1792 mundi
464 1729 612 1794 cardines
637 1730 814 1816 divulgata,
841 1752 935 1816 reges
956 1730 1146 1794 transmari·

140 1848 259 1891 norum
273 1845 452 1910 regnorum
471 1826 592 1891 nimius
607 1829 781 1894 invadebat
800 1831 909 1905 timor,
931 1851 972 1893 ne
986 1829 1146 1912 inquieta·

139 1927 228 1990 tione
243 1925 315 2008 ejus
336 1924 493 2008 oppressi,
514 1927 665 1990 nationes
690 1928 752 1991 sibi
776 1928 924 1992 subditas
945 1928 1143 1992 amitterent.

141 2023 357 2089 Mordaeibus
387 2044 466 2108 ergo
492 2025 579 2090 curis
602 2027 737 2101 anxiati,
764 2027 863 2090 urbes
886 2035 986 2110 atque
1018 2026 1147 2090 urbium

139 2132 250 2188 turres
260 2123 475 2188 renovabant:
499 2125 617 2208 oppida
627 2126 662 2188 in
671 2126 824 2209 congruis
836 2127 914 2189 locis
927 2125 1146 2189 aedificabant:

141 2232 178 2287 ut
205 2223 233 2286 si
258 2223 398 2304 impetus
425 2221 588 2286 Arturum
614 2224 648 2286 in
672 2225 744 2286 illos
765 2224 908 2299 duceret,
929 2224 1102 2308 refugium,
1120 2223 1148 2285 si

142 2343 223 2407 opus
238 2329 337 2396 esset,
353 2321 521 2386 haberent.
569 2321 720 2406 Cumque
743 2323 777 2385 id
797 2321 924 2386 Arturo
945 2323 1147 2386 notificatum

142 2428 238 2496 esset,
271 2419 429 2483 extollens
460 2441 495 2484 se
524 2420 600 2504 quia
628 2422 752 2485 cunctis
789 2423 898 2486 timori
936 2431 1017 2497 erat,
1044 2429 1148 2484 totam

143 2519 312 2603 Europam
335 2518 396 2582 sibi
412 2518 552 2582 subdere
566 2519 707 2584 affectat.
745 2519 873 2584 Paratis
884 2521 1001 2584 deinde
1010 2519 1147 2604 navigiis

143 2615 353 2701 Norwegiam
368 2617 460 2700 prius
480 2617 591 2693 adivit,
613 2627 651 2681 ut
670 2619 757 2683 illius
773 2619 956 2683 diademate
976 2617 1043 2681 Lot
1059 2637 1148 2681 soro-

140 2717 228 2780 rium
244 2736 339 2781 suum
352 2715 535 2800 insigniret.
583 2715 666 2780 Erat
677 2726 787 2781 autem
801 2718 866 2782 Lot
877 2739 977 2801 nepos
995 2716 1149 2780 Sichelini

143 2815 231 2900 regis
262 2812 545 2898 Norwegensium,
583 2814 642 2897 qui
671 2835 709 2877 ea
738 2823 932 2898 tempestate
963 2815 1147 2889 defunctus,

142 2933 282 2998 regnum
303 2933 397 2976 suum
426 2912 531 2976 eidem
562 2912 791 2977 destinaverat.
838 2912 884 2978 At
909 2912 1149 2998 Norwegenses

142 3011 304 3096 indignati
319 3011 408 3074 illum
422 3010 576 3094 recipere,
593 3020 766 3076 erexerant
776 3011 846 3094 jam
858 3012 1020 3096 quendam
1037 3011 1150 3075 Ricul·

144 3109 216 3172 t'um
230 3109 265 3172 in
278 3109 406 3194 regiam
420 3115 628 3191 potestatem,
649 3109 848 3193 munitisque
863 3112 1008 3188 urbibus,
1025 3112 1150 3176 Arturo

145 3229 181 3272 se
194 3229 292 3291 posse
306 3209 461 3273 resistere
481 3208 720 3272 existimabant.
767 3208 852 3274 Erat
871 3218 950 3275 tune
970 3213 1150 3278 Walvanus

143 3306 230 3370 filius
245 3306 394 3390 praedicti
403 3306 471 3372 Lot
482 3307 652 3370 duodecim
667 3328 827 3371 annorum
837 3308 978 3391 juvenis
995 3313 1152 3397 obsequio

148 3403 284 3488 Sulpicii
316 3403 414 3488 Papae
443 3405 485 3468 ab
521 3404 682 3468 avunculo
719 3407 880 3471 traditus:
917 3429 937 3471 a
966 3430 1031 3492 quo
1061 3431 1153 3474 arma

147 3504 280 3587 recepit.
329 3501 378 3567 Ut
407 3524 486 3588 ergo
513 3502 658 3566 Arturus
694 3502 791 3584 (siout
814 3505 922 3569 dicere
944 3507 1151 3593 incoeperam)

148 3603 182 3665 in
199 3599 424 3685 Norwegense
438 3601 532 3665 littus
552 3601 725 3684 applicuit:
749 3603 891 3667 obviavit
911 3606 941 3669 ei
960 3627 1019 3669 rex
1040 3606 1153 3671 Ricul-

147 3703 201 3766 fus
217 3721 291 3764 cum
304 3700 459 3764 universo
474 3700 589 3783 patriae
603 3701 734 3783 populo,
750 3704 964 3788 praeliumque
979 3707 1154 3770 commisit:

149 3807 271 3866 etcum
285 3800 425 3863 multum
442 3799 565 3863 cruoris
580 3799 614 3862 in
629 3807 770 3883 utraque
781 3811 874 3885 parte
885 3803 1040 3868 diffusum
1056 3813 1153 3881 esset,

149 3899 392 3982 prevaluerunt
399 3898 532 3962 tandem
545 3897 718 3962 Britones:
741 3898 894 3983 factoque
905 3901 1030 3985 impetu
1042 3901 1155 3969 Ricul·

149 3995 219 4058 ium
244 4017 321 4060 oum
346 3996 459 4060 multis
481 4005 701 4080 peremerunt.
748 3996 897 4062 Victoria
921 3999 1024 4085 igitur
1049 4003 1154 4086 potiti,

151 4095 300 4160 civitates
322 4095 526 4159 accumulata
547 4094 677 4158 flamma
703 4095 914 4164 invaserunt:
938 4100 1157 4186 dispersisque

151 4193 356 4280 pagensibus,
374 4193 505 4258 sevitiae
525 4192 695 4278 indulgere
721 4217 787 4258 non
813 4209 1031 4274 cessaverunt,
1057 4202 1158 4267 donec
