2872 4876
334 401 489 457 emma.
514 403 705 458 insoomm
727 403 801 456 mn.
824 404 875 457 v1.
1070 389 1113 458 53

1 562 2 588 ³
105 557 254 645 peotive.
300 558 462 633 Beduero
478 557 655 632 Pinoema
674 557 768 646 regis
785 557 926 647 Artori,
947 557 1041 632 eirea
1053 581 1115 631 an-

106 681 193 730 num
209 657 355 732 Domini
374 679 410 730 n.
426 677 566 745 xxv111,
582 657 639 731 oui
657 657 818 730 Artums
837 681 902 730 rex
917 656 1113 730 Britanniae

104 755 249 830 donavit
262 756 483 845 Neustriam‚
500 781 577 843 quae
592 781 687 829 nune
699 755 922 830 Normannia
937 755 1114 845 dieituna

105 879 175 942 quo
191 855 300 944 filins,
323 880 429 942 aquo
449 854 614 929 Beduara
633 855 770 929 familia
792 854 1033 929 Venetorum:
1056 854 1115 928 oui

106 954 231 1027 Romae
246 963 345 1029 teoto
359 955 544 1029 domorum
559 979 667 1029 aurea
677 962 790 1028 erant.

149 1053 240 1128 Haeo
263 1061 386 1128 autem
407 1061 445 1128 et
468 1055 585 1128 multa
610 1054 681 1128 alia
702 1054 872 1130 describit
900 1053 994 1128 idem
1017 1054 1114 1130 (iau-

104 1151 220 1226 fridus
251 1152 547 1242 Monumetensis,
568 1153 762 1227 historicus
778 1153 949 1243 egregius,
973 1160 1011 1226 et
1026 1153 1114 1228 Gar-

104 1253 251 1325 dinalis:
275 1253 391 1326 multa
414 1260 452 1326 et
477 1252 603 1328 Gildas
629 1261 735 1341 poeta
758 1252 919 1344 insignis.
965 1253 1036 1328 Sed
1049 1277 1114 1344 ego

103 1351 276 1426 Pontious
289 1352 490 1427 Virunnius
501 1352 634 1443 exoeoi,
657 1379 735 1441 qnae
752 1354 798 1427 ml
818 1378 895 1428 rem
911 1354 1112 1428 Romanam

105 1451 303 1525 attinerent
316 1450 522 1540 plurimum,
538 1476 583 1526 ex
598 1453 727 1540 quibus
743 1453 853 1527 etiam
867 1453 980 1528 videri
994 1459 1114 1541 potest

1 1563 2 1566 ’
104 1549 243 1623 nullam
269 1550 307 1622 in
332 1557 411 1623 toto
440 1552 524 1624 orbe
555 1552 669 1641 magis
698 1559 866 1626 vexatam
895 1552 1113 1640 provinciam

105 1648 226 1737 armis,
249 1673 357 1735 quam
382 1648 572 1724 Britannia
591 1651 711 1740 fuerit,
734 1651 906 1739 usquead
919 1650 1114 1726 novissima

102 1754 274 1833 tempora.
320 1747 486 1822 Praetorii
511 1757 673 1824 monstra
696 1751 890 1840 gigantum,
912 1759 951 1826 et
973 1751 1112 1826 insulas

103 1846 295 1936 mirandas,
319 1849 382 1920 ubi
397 1848 524 1935 aquila
539 1850 708 1924 vaticinia
719 1851 852 1924 dabant
862 1849 1018 1924 hmnana
1029 1874 1112 1925 vooe

102 1946 308 2033 loquentes:
332 1954 437 2020 erant
453 1947 548 2020 enim
563 1949 713 2036 spiritus
724 1950 828 2023 mali:
852 1957 890 2024 et
904 1950 947 2023 de
959 1949 1113 2025 Merlino

103 2045 221 2118 multa
230 2045 473 2134 mirandaqui
483 2047 611 2122 inoubo
625 2049 696 2122 fuit
705 2055 904 2138 generatus,
910 2073 954 2122 ne
964 2049 1112 2122 taedium

105 2145 260 2217 afferret.
306 2144 353 2218 In
378 2147 676 2234 subsequentibus
698 2156 819 2222 antem
838 2148 927 2222 alias
942 2149 1112 2223 historias

103 2249 311 2317 connectam
336 2244 546 2334 (dequibus
571 2247 728 2322 diximus
751 2248 790 2323 in
814 2248 982 2337 prooemio
1005 2248 1113 2322 istius

1 2397 2 2446 3
106 2341 299 2437 Historiae)
313 2345 354 2418 in
369 2346 574 2434 compendio
588 2347 762 2424 redactas.
