2848 4888
394 492 731 539 summersam.
747 496 867 540 cusu.
1073 479 1132 542 163

118 642 325 718 praeceptum
340 633 629 702 Arturifaeturus.
670 636 739 717 Qui
749 639 846 703 modo
857 638 989 724 gemine
1001 638 1136 705 feritate

1 739 2 742 ’
117 729 354 808 fulminabant,
384 755 472 798 nunc
497 735 613 800 timido
639 736 736 800 corde
759 735 934 821 fugientes,
959 738 1134 821 aliquando
1197 787 1205 800 .

1 865 2 872 ι
119 829 252 894 occidte
268 852 448 908 nemorum,
470 833 641 917 aliquando
664 842 792 898 montes
816 843 851 900 et
870 856 1025 900 cavernas
1043 845 1133 921 pete-

118 925 214 1002 bant,
244 936 284 991 ut
314 930 456 1012 spatium
484 930 616 995 vivendi
644 932 812 997 habereut.
860 931 1034 1000 Postremo
1060 955 1132 1000 cum

119 1026 206 1090 nihil
234 1029 282 1092 eis
311 1031 464 1094 tutamini
493 1031 693 1107 accessisset,
720 1031 860 1096 insulam
891 1030 999 1098 Tenet
1023 1034 1131 1098 lacero

121 1125 253 1210 agmine
267 1127 508 1214 ingrediuntur.
556 1127 746 1213 Insequitur
761 1149 817 1193 eos
837 1129 950 1194 eodem
967 1131 1034 1194 dux
1051 1130 1132 1194 Gor·

121 1223 244 1300 nubite,
269 1225 398 1290 solitam
424 1226 545 1292 cedem
564 1226 728 1291 inferens:
751 1247 812 1291 nec
830 1227 1002 1310 requievit,
1031 1227 1134 1293 donec

121 1330 294 1407 perempto
314 1323 497 1401 Cheldrico,
523 1333 656 1389 cunctos
683 1324 725 1388 ed
748 1324 945 1388 deditionem
966 1325 1131 1409 compulit,

122 1421 265 1505 receptis
280 1422 459 1487 obsidibus.

1 1709 2 1754 3
75 1721 76 1724 ,
124 1675 139 1756 i
159 1675 189 1736 6.
211 1694 254 1736 un
275 1695 356 1740 meu
376 1697 521 1740 eunoun:
542 1695 684 1740 turonus
705 1696 825 1740 vnursu
847 1695 946 1740 morus
967 1696 1005 1738 nr
1027 1698 1131 1742 sconis

383 1803 438 1856 QUI
458 1804 499 1847 ΕΟ
520 1804 695 1858 suenum,
719 1803 882 1848 coneum.

382 1952 391 1983 ’
425 2012 671 2098 unusquam
693 2014 871 2080 Arsuras
857 2035 928 2098 Jam
942 2015 984 2079 ab
998 2034 1132 2097 01³1>oese

543 2112 715 2176 barbarica
743 2113 949 2177 liberaverat.
1001 2109 1132 2175 Deinde

272 2414 275 2424 ⁴
253 2370 330 2447 '‘⁴⁸'‘
344 2412 378 2447 ’ψ’
424 2419 539 2475 contre
549 2431 661 2495 regem
669 2419 925 2494 nepotemqueJ
897 2431 915 2474 e
927 2430 968 2473 us
979 2407 1128 2494 praeliati,

1 2549 2 2577 ι
123 2508 298 2590 usquead
327 2509 462 2573 eandem
491 2509 690 2593 provinciam
720 2509 928 2594 diffugerant
984 2506 1131 2593 Ingressi

123 2613 232 2670 autem
262 2614 415 2690 stagnum
445 2606 608 2683 Lumond,
636 2614 877 2690 occupaverunt
907 2605 1030 2670 insulas
1057 2628 1130 2691 quae

1 2697 2 2706 ³
123 2701 212 2767 intra
231 2711 335 2778 erant,
356 2724 507 2768 securum
527 2703 691 2789 refugium
712 2711 913 2787 quaerentes:
935 2703 997 2768 hoc
1022 2713 1130 2772 eutem

1 2821 2 2828 ¹
124 2807 278 2884 stagnum
293 2803 463 2886 sexaginta
477 2802 598 2866 insulas
614 2801 793 2876 continens
810 2800 981 2885 sexaginta
994 2801 1130 2866 flumina

122 2898 257 2981 recipit:
280 2919 340 2965 uec
355 2921 396 2964 ex
416 2922 455 2964 eo
476 2900 539 2964 nisi
559 2921 658 2964 uuum
678 2900 782 2964 solum
801 2899 844 2962 ed
868 2920 958 2962 mare
974 2899 1126 2965 decurrit.

1 3043 2 3084 3
124 2993 163 3058 In
182 2996 297 3060 insulis
318 3018 396 3061 vero
421 2999 590 3083 sexaginta
612 3018 710 3080 rupes
734 2997 945 3061 menifestum
967 3004 1018 3060 est
1047 3018 1128 3071 esse,

1 3097 2 3108 ¹
121 3094 260 3158 totidem
289 3095 473 3179 aquilarum
502 3096 596 3159 nidos
620 3102 861 3159 sustentantes:
893 3114 967 3177 quae
993 3094 1128 3180 singulis

122 3192 214 3256 annis
231 3193 469 3269 convenientes
485 3193 668 3278 prodigium
683 3192 772 3275 quod
787 3192 822 3255 in
837 3213 939 3276 regno
954 3201 1127 3256 venturum

122 3298 219 3366 esset,
248 3290 334 3354 celso
360 3291 500 3354 clamore
535 3290 748 3354 communiter
781 3289 869 3354 edito
904 3289 1125 3354 notificabant.

121 3386 176 3452 Ad
197 3388 257 3452 has
281 3387 392 3470 itaque
415 3389 536 3452 insulas
560 3388 775 3473 confugerant
795 3388 941 3470 predicti
964 3387 1076 3451 hostes
1091 3393 1127 3450 ut

121 3485 230 3568 stagni
253 3485 405 3567 praesidio
434 3485 641 3550 fruerentur:
680 3485 737 3548 sed
762 3505 877 3568 parum
903 3484 967 3546 illis
993 3483 1124 3567 profuit.

121 3581 155 3646 N
155 3605 210 3646 am
216 3583 362 3646 Arturus
374 3585 508 3647 collecto
517 3583 647 3666 nauigio
658 3582 792 3646 flumina
804 3581 961 3656 circuivit,
972 3581 1126 3665 ipsosque

1 3743 2 3752 ,
120 3702 178 3764 per
194 3683 378 3766 quindecim
394 3683 461 3746 dies
482 3682 659 3752 obsidendo
675 3689 768 3744 tanta
782 3679 896 3743 afflixit
913 3678 1011 3755 fame,
1032 3688 1069 3744 ut
1083 3680 1126 3743 ad

1 3771 2 3778 ἵ
121 3780 222 3844 millia
243 3789 461 3845 morerentur.
510 3780 667 3864 Dumque
703 3779 775 3842 illos
808 3778 841 3840 in
870 3779 958 3841 hunc
994 3779 1125 3842 modum

123 3878 330 3961 opprimeret,
357 3878 591 3944 Guillemurius
614 3899 672 3942 rex
694 3877 863 3942 Hiberniae
889 3897 963 3942 cum
984 3875 1127 3942 maxima

124 3975 347 4040 Barberorum
362 3977 454 4061 copie
476 3978 579 4042 classe
598 3976 793 4060 supervenit,
817 3983 854 4040 ut
868 3975 947 4059 ipsis
963 3973 1126 4059 oppressis

124 4075 278 4138 auxilium
302 4075 515 4140 subverteret.
563 4074 787 4139 Praetermisse
812 4074 924 4156 itaque
950 4069 1125 4146 obsidione,

1 4171 2 4266 J
125 4172 216 4255 coepit
232 4170 379 4237 Arturus
394 4195 486 4237 arma
496 4181 624 4237 vertere
636 4172 669 4235 in
683 4170 939 4235 Hibernienses:
963 4189 1046 4252 quos
1059 4169 1129 4234 sine

928 4268 998 4328 Μ2
