2872 4876
396 470 732 518 aremarensem.
747 473 808 519 nm.
823 475 868 519 ιι.
1076 461 1134 520 201

128 613 316 678 Praedictus
332 624 442 679 autem
465 617 731 682 sceleratissimus
755 618 904 702 proditor
930 619 983 685 ille
1000 619 1135 686 Modre-

128 717 203 792 duS,
245 715 455 780 Oheldricum
494 717 662 782 Saxonum
704 719 816 782 ducem
853 719 887 782 iu
926 718 1136 785 Germaniam

129 814 309 890 direxerat,
326 824 364 879 ut
379 816 413 877 in
428 815 484 879 illa
498 837 710 900 quoscunque
736 825 847 901 posset
869 820 1046 885 associaret
1061 821 1133 896 sibi,

130 921 165 977 et
202 914 372 977 associatis
407 914 661 998 quibuscunque,
699 915 820 979 iterum
854 916 1017 982 citissimis
1054 921 1135 984 velis

130 1010 266 1088 rediret.
315 1012 542 1096 Spoponderet
556 1014 653 1078 etiam
669 1035 704 1077 se
719 1013 781 1097 ipsi
796 1015 857 1077 hoc
871 1023 966 1097 pacto
982 1016 1136 1081 daturum

131 1119 260 1194 partem
276 1110 364 1174 illam
379 1111 502 1186 insulae,
520 1133 591 1195 quse
606 1134 626 1175 a
645 1111 778 1177 flumine
802 1112 954 1178 Humbro
968 1136 1073 1198 usque
1095 1118 1137 1181 ad

135 1207 282 1271 Scotiam
304 1209 543 1294 porrigebatur,
567 1218 601 1274 et
623 1210 777 1294 quicquid
799 1211 834 1274 iu
859 1211 977 1276 Guntia
991 1222 1138 1298 tempore

134 1307 328 1395 Vortegimi
344 1308 476 1373 Horsus
491 1318 525 1375 et
547 1308 732 1395 Heugistus
753 1311 975 1394 possederant.
1021 1311 1069 1378 At
1083 1314 1138 1378 ille

133 1415 268 1491 peracto
283 1407 386 1491 ipsius
401 1417 574 1492 praecepto,
591 1429 662 1472 cum
675 1409 870 1492 octingentis
884 1410 1022 1476 navibus
1033 1412 1137 1494 plenis

135 1506 270 1570 armatis
287 1505 430 1591 Paganis
445 1506 660 1590 applicuerat:
685 1514 718 1570 et
732 1506 854 1571 foedere
870 1508 957 1583 dato,
973 1508 1049 1574 huic
1062 1530 1137 1592 pro-

136 1603 236 1668 ditori
262 1605 357 1688 quasi
383 1627 442 1669 suo
465 1605 537 1690 regi
551 1605 695 1689 parebat.
754 1602 984 1670 Asscciaverat
1007 1627 1138 1692 quoque

30 1747 33 1750 -
136 1703 198 1767 sibi
214 1703 341 1779 ScotoS,
359 1703 481 1779 Pictos,
506 1703 753 1779 Hibernienses,
770 1712 803 1768 et
819 1725 1029 1789 quoscunque
1044 1707 1138 1771 calle-

134 1803 192 1867 bat
217 1803 370 1868 habuisse
399 1803 596 1867 avunculum
626 1823 722 1867 suum
751 1802 836 1866 odio.
894 1803 1000 1868 Erant
1028 1814 1139 1871 autem

136 1923 248 1966 omnes
263 1922 399 1966 numero
411 1902 504 1987 quasi
528 1901 696 1987 octoginta
719 1901 818 1977 milia,
842 1909 911 1966 tam
927 1902 1138 1990 Paganorum

136 2021 232 2084 quam
249 1999 522 2077 Christianorum,
539 2021 677 2083 quorum
692 1998 813 2063 auxilio
827 1998 941 2072 fretus,
954 2009 987 2066 et
998 2023 1139 2086 qnorum

135 2097 345 2162 multitudine
359 2099 541 2174 comitatus,
554 2097 681 2162 Arturo
696 2097 731 2160 iu
746 2094 876 2182 Rutupi
889 2107 1021 2182 portum
1036 2104 1138 2187 appli-

136 2197 222 2260 canti
234 2197 364 2262 obviam
378 2197 488 2261 venit:
511 2205 545 2260 et
560 2196 730 2261 commisso
742 2197 854 2279 prelio
865 2198 1040 2263 maximam
1055 2210 1138 2266 stra-

137 2316 211 2380 gem
226 2295 316 2360 dedit
330 2295 574 2379 applicantibus.
622 2293 811 2379 Auguselus
826 2296 948 2360 etenim
962 2317 1022 2361 rex
1037 2297 1137 2365 Alba-

136 2394 207 2469 niae,
221 2392 453 2478 etWalgainus
465 2414 565 2477 nepos
574 2393 673 2476 regie,
684 2414 757 2456 cum
767 2393 1057 2460 innumerabilibus
1066 2398 1138 2462 aliis

135 2494 169 2555 in
191 2493 242 2557 die
257 2492 313 2555 illa
342 2500 547 2556 corruerunt.
595 2491 759 2555 Successit
780 2499 891 2556 autem
914 2491 1082 2578 Auguselo
1104 2497 1138 2559 in

135 2612 273 2676 reguum
294 2588 442 2653 Eventus
457 2589 543 2652 filius
556 2587 673 2653 Uriani
694 2589 808 2653 fratris
820 2591 881 2666 sui,
898 2592 955 2675 qui
969 2601 1083 2675 postea
1104 2593 1138 2656 in

136 2686 411 2753 decertationibus
426 2686 508 2761 istis,
524 2687 636 2750 multis
648 2687 866 2770 probitatibus
876 2689 1001 2755 claruit.
1042 2690 1138 2755 Post-

136 2809 234 2871 quam
248 2786 392 2861 tandem,
405 2785 466 2848 etsi
480 2806 599 2869 magno
614 2785 735 2860 labore,
748 2785 862 2849 littora
870 2786 980 2871 adepti
991 2787 1136 2866 fuerunt,

136 2895 285 2949 mutuam
315 2885 481 2948 reddendo
508 2885 641 2959 cladem,
668 2882 867 2947 Modredum
897 2892 930 2948 et
960 2889 1139 2953 exercitum

136 2987 206 3069 ejus
222 2985 416 3068 pepulerunt
438 2983 472 3045 in
500 2983 624 3067 fugam.
670 2981 823 3046 Assiduis
845 3004 984 3067 namque
999 2986 1138 3051 debella·

135 3083 279 3148 tionibus
294 3081 356 3156 usi,
374 3081 536 3165 sapienter
551 3089 677 3144 turmas
704 3101 779 3144 suas
795 3081 1043 3165 disposuerant:
1067 3107 1138 3168 quae

135 3182 256 3267 partim
271 3180 365 3263 pede,
377 3179 497 3263 partim
512 3200 596 3262 equo
613 3179 805 3260 distributae,
815 3181 874 3244 tali
884 3182 982 3246 modo
993 3184 1138 3248 decerta-

135 3281 235 3344 bant:
260 3278 438 3360 quodcum
459 3278 612 3360 pedestre
641 3299 759 3362 agmen
785 3278 827 3341 ad
852 3279 1071 3344 invadendum
1086 3284 1138 3346 vel

134 3375 354 3442 resistendum
379 3375 572 3450 intenderet,
589 3384 741 3458 equestre
762 3375 835 3439 ilioo
851 3377 981 3459 obliquo
996 3378 1136 3456 irruens,

135 3475 223 3540 omni
232 3474 308 3537 nisu
315 3474 427 3537 hostes
442 3481 614 3557 penetrare
624 3481 806 3549 conaretur,
823 3475 910 3538 unde
926 3496 981 3539 eos
992 3477 1139 3542 addiffu-

135 3573 482 3660 giendumcoegerunt.
505 3571 666 3655 Perjurus
676 3592 755 3657 ergo
764 3572 818 3636 ille
827 3574 987 3638 revocatis
996 3575 1139 3662 undique

136 3673 213 3748 saie,
221 3670 409 3753 insequenti
419 3678 514 3734 nocte
528 3668 741 3734 Guintoniam
756 3670 923 3755 ingressus
933 3680 994 3736 est.
1041 3674 1138 3753 Quod

136 3779 173 3834 ut
190 3769 412 3832 Ganhumarae
427 3769 550 3853 reginae
565 3767 797 3831 annunciatum
808 3777 868 3844 est,
885 3769 1056 3834 confestim
1067 3772 1139 3836 des-

134 3888 262 3950 perans,
280 3867 321 3931 ab
337 3866 486 3931 Eboraco
501 3866 544 3929 ad
558 3867 672 3930 urbem
687 3865 872 3951 Legionum
883 3867 1022 3953 diffugit,
1039 3876 1138 3953 atque

137 3967 306 4049 intemplo
323 3965 344 4029 J
345 3965 404 4028 ulii
418 3964 582 4050 martyris
598 3965 684 4028 inter
699 3967 874 4029 monachas
889 3965 1033 4048 ejusdem
1049 3979 1137 4035 caste

139 4063 245 4130 vivers
254 4063 436 4148 proposuit,
453 4070 486 4128 et
500 4062 602 4126 vitam
617 4063 838 4128 monachalem
854 4064 1005 4150 suscepit.
