2862 4870
267 454 309 514 30
582 471 695 514 smne.
717 471 959 516 uouuunruusrs

267 635 332 700 que
345 615 467 679 talibus
482 615 610 680 maritis
626 617 778 700 copulare
794 617 852 701 qui
866 616 998 680 easdem
1012 637 1083 680 eum
1098 636 1200 700 regno
1215 615 1276 678 ha·

264 715 391 779 berent.
439 713 507 778 Sed
517 715 665 779 utseiret
684 737 756 799 quae
774 715 905 778 illarum
924 715 1041 797 majori
1065 714 1159 800 regni
1178 720 1276 796 parte

265 813 396 898 dignior
411 821 508 888 esset,
525 813 628 878 adivit
643 814 787 898 singulas
797 822 836 877 ut
844 814 1065 899 interrogaret
1077 834 1148 897 quae
1163 811 1274 895 ipsum

264 912 369 996 magis
379 911 539 996 diligeret.
587 910 905 998 Interrogauteergo
916 912 982 987 illo,
995 911 1165 974 Gonorilla
1180 911 1275 995 prius

263 1010 398 1073 numina
421 1010 490 1073 eaeli
512 1018 635 1074 testata
659 1018 719 1085 est,
746 1018 875 1093 patrem
898 1010 960 1074 sibi
980 1011 1053 1093 plus
1080 1010 1171 1072 cordi
1197 1031 1273 1076 esse

262 1129 361 1191 quam
372 1109 513 1173 animam
528 1130 601 1194 quae
615 1109 650 1172 in
665 1130 801 1193 eorpore
816 1129 876 1172 suo
886 1109 1035 1194 degebat.
1083 1106 1147 1171 cui
1156 1117 1270 1191 pater:

264 1204 460 1285 “Quoniam
476 1216 678 1272 senectutem
699 1229 806 1272 meam
820 1207 895 1271 vitae
910 1216 975 1272 tuae
989 1206 1207 1291 praeposuisti,
1223 1215 1272 1283 te,

262 1307 430 1371 carissima
443 1307 521 1383 filia,
541 1307 702 1371 maritabo
723 1307 839 1390 juveni
865 1325 1092 1391 quemcunque
1118 1306 1268 1390 elegeris,

262 1427 337 1470 eum
365 1407 466 1470 tertia
494 1414 589 1489 parte
616 1404 830 1470 Britannia.’'
877 1406 1007 1471 Deinde
1038 1405 1166 1492 Emi,
1195 1425 1272 1488 quae

262 1505 405 1569 secunda
419 1513 501 1580 erat,
518 1505 666 1588 exemplo
677 1505 799 1569 sororis
811 1526 888 1580 suae,
900 1505 1153 1578 benivolentiam
1165 1503 1272 1586 patris

261 1600 406 1668 allicere'
420 1604 543 1678 volenS,
570 1603 789 1686 jurejurando
818 1603 988 1687 respondit
1020 1624 1056 1668 se
1081 1603 1271 1666 nullatenus

261 1710 454 1785 eoneeptum
483 1702 666 1785 exprimere
688 1703 783 1766 aliter
813 1723 919 1786 posse,
950 1702 1014 1766 nisi
1044 1690 1133 1786 quod
1161 1701 1270 1784 ipsum

261 1822 360 1884 super
375 1821 487 1863 omnes
503 1809 671 1864 creaturas
687 1801 849 1886 diligeret.
897 1801 1060 1864 Credulus
1070 1821 1149 1885 ergo
1163 1807 1268 1883 pater,

260 1900 374 1964 eadem
401 1898 562 1983 dignitate
591 1918 689 1981 quam
714 1899 940 1985 primogenita:
963 1899 1169 1982 promiserat,
1194 1919 1269 1961 eum

259 1997 325 2060 alia
345 1997 446 2061 tertia
471 2005 565 2081 parte
588 1997 683 2083 regni
707 2019 778 2062 eam
804 1997 982 2066 maritavit.
1028 1995 1077 2060 At
1103 1994 1270 2062 Gordeilla

259 2095 384 2171 ultima,
402 2117 477 2160 eum
497 2097 712 2161 intellexisset
734 2119 810 2160 eum
829 2096 1061 2179 predictarum
1084 2094 1268 2158 adulation-

259 2193 332 2258 ibus
354 2196 565 2278 acquievisse,
586 2204 717 2260 tentare
736 2196 829 2259 illum
848 2195 992 2278 cupiens,
1015 2193 1111 2258 aliter
1134 2214 1268 2278 respon-

260 2292 337 2357 dere
352 2295 514 2377 perrexit:
539 2293 631 2357 “Est
646 2294 784 2376 uspiam,
797 2293 842 2356 mi
856 2301 961 2376 pater,
974 2292 1042 2355 filia
1056 2311 1128 2374 quae
1140 2300 1268 2376 patrem

258 2413 355 2457 suum
375 2394 550 2477 plusquam
572 2401 701 2476 patrem
722 2392 858 2478 diligere
880 2388 1077 2476 praesumat?
1104 2411 1171 2454 non
1191 2410 1267 2455 reor

258 2493 409 2576 equidem
423 2493 525 2556 ullam
540 2512 611 2556 esse
626 2511 698 2574 quaa
713 2491 775 2554 hoe
793 2490 892 2554 fateri
908 2490 1043 2554 audeat:
1066 2490 1130 2553 nisi
1140 2489 1265 2571 jocosis

257 2593 366 2657 verbis
388 2592 561 2656 veritatem
577 2592 683 2655 celare
702 2589 840 2655 nitatur.
887 2588 1016 2673 Nempe
1038 2611 1100 2674 ego
1116 2588 1266 2652 dilexite

258 2711 387 2775 semper
402 2698 440 2753 ut
455 2698 599 2772 patrem:
624 2697 657 2752 et
677 2687 784 2751 adhue
804 2710 825 2751 a
844 2688 1013 2772 proposito
1033 2708 1106 2751 meo
1129 2708 1195 2750 non
1217 2687 1266 2751 di-

258 2797 381 2852 vertor.
447 2786 523 2849 Etsi
545 2807 565 2849 a
587 2807 640 2849 me
661 2785 768 2870 magis
791 2795 988 2868 extorquere
1017 2785 1152 2860 insistis,
1187 2785 1266 2849 audi

256 2885 489 2950 certitudinem
524 2884 655 2958 amoris,
687 2903 784 2966 quem
814 2885 972 2948 adversus
1002 2893 1036 2948 te
1072 2884 1194 2949 habeo:
1232 2892 1269 2948 et

257 2982 570 3068 interrogationibus
585 2983 652 3045 tuis
663 2982 762 3046 finem
777 2983 916 3066 impone.
962 2983 1096 3047 Etenim
1107 2990 1266 3066 quantum

255 3081 367 3156 habea,
397 3089 528 3145 tantum
553 3081 652 3156 vales,
683 3089 878 3164 tantumque
907 3090 942 3145 te
972 3082 1110 3167 diligo.’'
1157 3080 1263 3146 Porro

256 3188 350 3264 pater
373 3187 466 3243 ratus
491 3201 563 3244 eam
589 3180 852 3244 exabundantia
875 3181 984 3244 eordis
1011 3180 1143 3256 dixisse,
1167 3182 1264 3245 vehe-

255 3289 383 3342 menter
402 3278 587 3363 indignans,
609 3278 698 3360 quod
719 3298 937 3362 responsurus
958 3287 1029 3343 erat
1051 3279 1264 3342 manifestare

255 3398 322 3440 non
342 3375 486 3441 distulit:
510 3375 630 3455 “Quia
652 3377 687 3442 in
706 3384 837 3440 tantum
863 3385 1065 3442 senectutem
1088 3377 1193 3460 patris
1213 3377 1264 3444 tui

254 3475 420 3560 sprevisti,
438 3483 476 3539 ut
490 3475 541 3539 vel
556 3495 595 3538 eo
610 3495 721 3539 amore
737 3494 802 3557 quo
822 3496 876 3538 me
890 3496 1020 3540 sorores
1041 3484 1107 3539 tuae
1123 3475 1265 3561 diligunt

254 3576 430 3660 dedignata
446 3595 480 3638 es
497 3572 644 3658 diligere,
655 3582 689 3636 et
705 3593 766 3658 ego
779 3574 981 3658 dedignabor
990 3583 1035 3650 te,
1051 3596 1111 3640 nee
1125 3594 1264 3657 usquam

254 3675 289 3738 in
303 3694 407 3756 regno
423 3693 496 3736 meo
508 3692 583 3735 eum
597 3671 664 3734 tuis
680 3671 848 3736 sororibus
858 3681 985 3755 partem
994 3673 1139 3738 habebis.
1186 3670 1263 3738 Nou

255 3775 327 3838 dieo
348 3782 469 3846 tamen,
493 3792 567 3836 eum
582 3769 649 3834 filia
674 3791 747 3834 mea
773 3771 828 3846 εἰς,
845 3771 925 3854 quin
950 3780 984 3835 te
1004 3780 1141 3836 externo
1166 3771 1264 3838 alieni

253 3873 295 3954 (si
314 3872 404 3935 illum
430 3870 565 3934 fortuna
586 3870 755 3951 obtulerit)
777 3877 943 3952 uteunque
968 3870 1129 3935 maritam.
1177 3869 1264 3936 Illud

252 3978 362 4034 autem
385 3970 520 4044 affirmo,
546 3969 634 4052 quod
663 3989 829 4052 nunquam
852 3991 892 4033 eo
907 3970 1032 4034 honore
1048 3989 1112 4052 quo
1133 3989 1262 4033 sorores

249 4079 325 4135 tuas
340 4077 375 4132 te
397 4069 553 4133 maritare
568 4070 733 4133 laborabo.
782 4067 914 4152 Quippe
937 4091 1012 4132 eum
1033 4078 1069 4134 te
1092 4070 1262 4151 hueusque

252 4169 425 4253 plusquam
445 4175 570 4230 eeteras
592 4167 778 4232 dilexerim:
802 4176 840 4231 tu
856 4188 934 4230 vero
953 4189 1006 4232 me
1027 4168 1136 4234 minus
1162 4186 1263 4249 quam
